1428 2191
1061 33 1259 151 1167
984 161 1329 284 Jan 3 1900
1040 284 1247 349 THE CAMP.
1013 353 1289 412 SUNNINCDALE.
291 558 762 690 My dear Dyer
584 669 1295 778 I shall be delighted to
273 769 1291 871 have the Pisum in Bot. Mag. -- of
296 881 1304 974 which I knew nothing till Mr
288 987 1281 1070 Burkill came to me about it
300 1056 1233 1162 last Monday. I could get it
288 1148 1239 1265 into the April number if Miss
297 1245 935 1344 Smith has drawn it.
462 1344 1302 1456 I wrote to Rayleigh at once
284 1431 1272 1526 pointing out that a site for the
304 1527 1212 1651 Laboratory any where near the
297 1634 1231 1732 Garden boundary, would ruin
294 1740 1307 1837 one of the finest landscapes within
284 1828 1307 1940 the fume distance of London, & be
293 1946 1273 2060 an eye-sore for the Gardens for a
