1537 2430
80 16 1484 153 seen. Bolander has cut Botany & taken
118 122 1517 258 to education, we called twice on him to
582 208 1104 273 was out both times &
147 205 1485 340 day -- but he has not ever returned our
143 278 1543 446 call: he may yet, but Gray has reason
118 462 1448 631 to Monterey to see the forest of Cup.
145 446 1487 489 to think him strange. We go hence
108 570 1506 690 macrocarpa & P[inus]. insignis, then N. to
116 652 1452 797 Mendocino County to visit the forests
66 741 1527 892 of Red wood (Sequoia) &c; then if possible
101 822 1457 955 to Shasta Butte to find out what is
99 916 1449 1068 meant by Picea grandis: & I hope
124 1018 1488 1158 to get away from Boston on the steamer
191 1107 1365 1250 of the 22d. -- What with narrow
132 1187 1483 1334 gauge lumber trains, 2--, 4--, 5-- horse
152 1272 1427 1414 wagons, ponys, mules & our legs
138 1368 1435 1507 we get over a monstrous deal of ground
76 1441 1478 1573 regardless of expense, fatigue, & wear
119 1519 1433 1649 sleep & food, & pick up an
103 1617 1386 1757 enormous deal of Botany en-route.
144 1701 1371 1845 This is a queer climate, fancy my
78 1773 1464 1909 being cold during the day, with an overcoat
96 1856 1494 2003 on & my thick scotch plaid -- all through
125 1940 1364 2103 the strong W. wind over the Pacific:
141 2036 1427 2187 which blows, usually with thick fog
153 2138 1457 2266 at this season, every afternoon. You see
137 2212 1349 2331 ladies wrapped in furs every where.
174 2290 1420 2385 I was delighted to see the Pacific again
