1432 2144
173 143 1039 275 My description of the Burdwan
143 226 1235 356 coal flora in my Himalayan Journals
159 321 1263 442 had entirely left my memory -- I am
179 408 1223 524 amused at your idea of my being
164 496 961 632 father to Godwam land.
201 607 1056 728 The only work in which I can
152 704 1057 807 remember discussing the types of
168 802 1048 886 India & Mediterranea genera
209 880 1093 999 across Africa is in the Marocco
203 983 760 1067 book. p. 404 seq
265 1068 1151 1162 Bees are the principle pollinating
128 1155 1046 1268 agents of the Himalayan & American
146 1225 1181 1361 Balsams in my garden, which have
179 1371 623 1470 very short spurs.
272 1407 1239 1518 Burkill has been observing &
147 1491 1160 1632 describing in India, the pollinating
161 1566 1218 1715 actions of many insects -- but not in the
168 1683 706 1788 matter of Balsams.
487 1744 776 1861 Ever affy ys
839 1763 1134 1915 Jos D Hooker
