1556 2426
916 213 1312 398 Sept 14/81
180 508 532 703 Dear Dyer
409 592 1378 815 I think I had best send
235 733 1411 957 you the enclosed & you can tell
219 851 1411 1085 me what you would like done;
242 987 1437 1176 whether you will act,  or debate
243 1107 841 1269 Vines, or what.--
380 1176 1476 1362 It is all straight sailing here
224 1331 1419 1475 The Madras mattings have come, & I
267 1419 1424 1588 have given the list to Jackson.
322 1538 1440 1700 I have sent a box of nice things
243 1650 545 1786 to Regel.
319 1740 1498 1906 Treub announces the arrival of his
300 1853 1500 1996 case in very good order, & is sending
302 1943 1462 2087 it back with, amongst other things
283 2030 1475 2152 Dischidia Rafflesiana & Kaulfussia.
213 2139 1464 2299 The things from Nancy are arrived
240 2251 1508 2360 Morris writes, as usual, in excellent spirits
