1566 2413
110 62 1381 246 hills far back from the plains, & it is
90 176 1436 341 evident that the peasants must come
95 269 1225 434 a long way to their work every day.
112 358 1332 526 We are fortunate in travelling before the
136 464 1366 594 foliage is on the trees which this
141 547 1257 716 flat country would impede the
150 717 1302 744 view along the plains. Of wild
126 752 1257 887 flowers we have seen few but
131 865 1265 986 purple anemones & violets & not
139 932 1254 1103 many of these. Not a tree is even in
141 1038 1388 1197 bird bud yet! -- One curious feature
172 1130 1413 1292 is the whiteness of the backs of almost
156 1264 1239 1383 all the trees S. of the Alps, Planes
162 1336 1046 1463 Poplars, Mulberries & Elms.
273 1432 345 1452 All
204 1414 1451 1555 with best love to the children -- Please
154 1545 1393 1672 let Willy know, & thank him for his
167 1622 1414 1774 letter & enclosure of 11th just received.
305 1721 1255 1873 Address till end of month.
105 1769 1245 1983 Holel Quisisana, Castellamare
177 1895 810 2022 Pro. de Naples.
900 1940 1024 2050 Italy
261 1988 1297 2169 Ever your most affectionate father
641 2126 1091 2321 JD Hooker
