1587 2481
147 97 1353 287 good London House he makes
66 199 1454 409 himself very comfortable, & no doubt
101 327 1524 504 thinks his well--spent life suitably
110 424 1437 596 rewarded at last. He is 70 -- 80
122 514 1467 694 very affable indeed.  Lady William is
162 669 258 735 very
154 618 1509 796 a little woman, very plain -- quite
152 722 1360 896 70, without a white hair in her
105 818 1466 998 head (no false hair) & hunted
153 910 1478 1135 passionately till 2 years ago when
160 1053 1449 1234 she had a desperate throw. The
174 1159 1490 1376 only people there were Lady Julia
138 1275 1442 1455 Wombwell of Yorkshire fame (a
104 1367 1451 1573 dau of Earl of Jersey), Lord Moreton
140 1472 1436 1668 (Lord Ducie's son & a Cattle breeder)
151 1619 1434 1793 & a queer Ross (Hereford) Parson
138 1731 1415 1918 who knew a little of every thing
464 1848 555 1938 too.
164 1842 1428 1998 & breeds & looked to me like
130 1940 1344 2126 a cross between an agent & an
132 2022 1376 2193 adventurer in that line, with
144 2130 1485 2308 nought of the Parson about him.
146 2231 1533 2390 Not even the white tie:-- which prompts
137 2337 1476 2472 me to say that a P without a white tie
