1433 2205
159 410 1315 536 It was quite right to put
158 533 1332 677 the whole matter of the damages
149 644 1321 806 clearly to the Board, though
148 771 1357 924 they astound me. Still £2000
147 904 1225 1050 should do a great deal. I
175 1044 1247 1188 suppose that 1/6 per square
164 1165 1313 1296 will be the approximate estimate
184 1291 1240 1435 for the frames & 2/6 for P. H.
192 1383 1357 1537 & T. H. If you have opportunity.
166 1471 1135 1618 ask what other people pay.
186 1570 1208 1713 The idea of the B. House
153 1679 1297 1829 Colonnade is excellent but
162 1790 1294 1916 how about the India design?
177 1927 1337 2056 It is Italian I think -- perhaps
181 2105 1180 2130 Fergusson can make it
