1389 2171
608 66 1131 220 Kew Aug 3d/84.
92 346 422 488 Dear Dyer
346 409 1209 569 We got back last night to
83 539 1251 656 find poor Smith away, having been
85 605 1320 754 sent for from Herrrogate -- or he might not
77 705 1233 823 see his wife alive; serius effusion
100 786 1169 916 having set in. I have however
72 851 1303 971 made with Nicholson all arrangements
91 925 1297 1053 for tomorrow, & written to Smith that
109 1000 1311 1129 he is not to hurry back, as I shall be
89 1094 716 1216 here all the week.
229 1160 1273 1282 I wrote to you just before leaving
68 1259 1273 1394 Edinburgh -- but had nothing particular
98 1359 291 1476 to say.
125 1425 1229 1537 I am annoyed beyond measure at
63 1494 1254 1628 Jenman's refusal to go with im Thurn
71 1591 1259 1717 & indeed I am angry. What do you
72 1668 1206 1814 think of my telegraphing to him
100 1776 1225 1885 "go as guest" -- It would cost 48/
86 1819 1268 1968 which I would gladly pay -- were I sure
92 1925 1249 2048 that it would not hamper im Thurm
89 2017 1299 2145 who has probably got another companion
