1418 2148
218 345 1208 462 dominance of credulity. It explains
230 426 887 489 all the above erratic beliefs!
174 475 1062 577 I am rereading Bates with
163 575 1157 656 increased admiration. My
160 661 1148 750 ancient Entomological experiences
170 754 1148 847 helps me over the great defect
199 858 1196 972 of the work, which is the constant
182 946 1201 1062 insistence of giving the scientific
196 1059 1104 1154 names of genera, of butterflies
153 1147 1184 1270 especially, which an expert alone
1070 1237 1205 1314 The
162 1279 1076 1345 can attach any meaning to.
603 1308 1254 1379 an alphabetical appendix
179 1358 1250 1450 The book sadly wants as descriptive list
196 1453 1167 1545 of names of beasts, birds, insects,
1087 1509 1251 1579 too often
206 1542 1241 1626 foods & implements of which he gives
180 1613 1158 1706 Indian names, or scientific only.
215 1706 1245 1801 His travels are intensely human,
180 1803 1154 1889 like Scotts Antarctic narration &
185 1893 702 1992 hence delightful.
219 1982 1194 2070 Do you happen to know what
1253 1320 1296 1371 a
