1524 2409
120 161 1381 188 a very gentlemenly agreeable & apparently
96 193 591 328 wealtly man.
949 206 1255 306 We were
111 294 672 414 even persuaded into
905 277 1327 422 staying over the
111 395 1415 534 Tuesday to dine with Mr. Copin, who
117 500 1329 643 was alone, his wife, & family being in
113 593 1419 741 the country & I am sorry to say we were
96 701 1410 851 most dreadfully bored. What can have
113 760 1324 910 possessed him to ask 2 ladies to a
101 991 1314 1103 attempt of any kind was made to
116 941 1321 974 a bachelor's party, during which   no
74 1044 311 1123 entertain
131 1119 1312 1180 entertain them! & as to ourselves he
93 1211 1307 1258 simply praised away till we were
118 1389 1437 1478 rich Herbarium -- which he says he will
104 1301 1308 1344 tired. He has a fine house & a very
144 1407 307 1488 leave
576 1447 970 1472 ours in fact, it
133 1437 1348 1567 to a grandson if the latter takes to
115 1493 1304 1670 Botany, if not it is to be offered to the
137 1611 1456 1792 Govent. for fr 500,000, & if they wont purchae
605 1699 721 1770 free
113 1702 1373 1846 it is to go as a par gift to Kew. It is
96 1799 1378 1949 very rich in European & Orentatal plants
110 1890 873 2020 including all Bunge's.
103 1998 1287 2141 From Paris we went to Chambery &
74 2075 1393 2238 next day to Turin, where we saw the
91 2202 1447 2341 Champollion collection of Eygptian Antiquities
106 2325 699 2364 which is very fine.
