1373 2163
39 -15 168 105 352
95 31 1338 174 is overhung by the savage black & most
82 131 1364 250 rugged cliffs of the saw-topped, Cuilathion
1036 124 1357 142 Coolins ( written
130 217 1315 345 this was very fine;-- not so the Lake
114 308 1295 433 itself, which instead of being girdled
100 379 1339 537 by black cliffs plunging into its blacker
110 492 1306 596 waters was encircled by green sloping
898 548 1086 607 Engler
130 572 1350 675 banks! Laden with transported boulders.
97 672 1297 767 From thence Mrs Hooker & I ascended a
98 727 1297 844 rocky mountain about 1000ft higher
93 835 1324 957 & obtained one of the finest views I ever
67 897 1318 1034 looked upon of the Western Islands from
634 975 851 1042 Morvern
82 989 1364 1119 Rum & Egg to Mull & almost the whole
98 1089 1319 1187 Scotch coast from Ben Cruachan & Argyle
85 1146 1288 1284 round to Sutherland. The look down
105 1239 1335 1360 from the top - sheer down - to the Lakes
101 1315 1280 1431 & sea below was indescribably grand
117 1408 1302 1494 as were the other Coolin peaks cones
115 1487 1118 1581 & sierras that surrounded us.
116 1562 1325 1704 The glacial features of the valley cannot
121 1646 1290 1775 be exaggerated in point of interest &
123 1727 1319 1862 the pitch-black rocks being very steep &
131 1802 1284 1935 glaciated, & the erratics scattered like
108 1895 1281 2018 as if titanic pills had been emptied
108 1959 1331 2071 over all the valley & at all elevations, which
155 2039 1336 2162 for 2000 ft up they hang 'on by the eylids' to
