1356 2110
907 90 1304 194 May 29 1908
853 218 1058 273 THE CAMP.
828 273 1087 346 SUNNINGDALE.
205 476 600 590 Dear Hemsley
441 571 1235 695 I returned yesterday & have to
154 656 1187 794 day been working at the Icone's Plates -- I
178 755 1299 862 still want the &I. extense & I. ganpiuana)
190 838 1241 963 to make up the 16 please let me have
771 942 1360 1021 Icones plates of Impatiens
199 991 393 1058 them.
242 997 1216 1128 Could I have a set of the 14, which
214 1086 1123 1218 are made upon specimens Lent by
227 1199 1198 1302 Paris sent to Lecomte to be placed
245 1257 1225 1384 with their specimens & their Herbn. &
338 1352 1219 1488 I strongly advised Lecomte to have
206 1432 1164 1560 drawings or photographs made of Miss
216 1550 1190 1655 Smith's drawings of the Chinese species
216 1614 1208 1728 in Herb. Paris, & he gladly accepts the
330 1717 500 1790 of them.
212 1703 1162 1846 loan for which he will apply to the
214 1798 1185 1920 Director & have photographs taken.
237 1912 1203 2020 I will send them to the host to be
