1386 2203
112 61 1091 223 ere this. What do you say?
85 168 1289 279 I have written to im Thurm, but my
63 266 1075 414 letter cannot go till the 17th.
1080 354 1335 452 money
116 357 1084 510 I am also writing about the
121 500 1363 549 to the R.S., Geog. Soc. & to Im Thurm's
107 532 1372 699 brother. Is Tho. Foster going to Montreal?
96 648 1276 784 Monday: I have just heard from
109 792 1261 845 Smith. His wife has acute pain in
131 866 1239 919 the side dropsy fainting & vomiting
112 1002 1226 1125 the Doctors letter which is very
131 938 1325 995 & cannot be moved. He sends me
132 1097 423 1212 alarming.
138 1130 1308 1261 Bentham is back at Wilton Place,
104 1223 1279 1347 & writes saying that he is overtired
94 1292 1292 1465 by the journey, & that he is not so well
137 1390 894 1541 was 3 months ago.
272 1498 1143 1632 I suppose you saw Watson's
104 1569 1309 1700 beautiful & elaborate plan for the P.H.
115 1674 1283 1789 What do you say to it  In respect of
104 1761 1292 1860 the Guide--- it appears to me to be too
124 1862 1226 1945 complicated for a wood-cut that would
109 1918 943 2036 require constant alterations.
739 1998 1162 2063 yrs affect
930 2032 1217 2156 JDHooker
193 2012 648 2057 Love to Harriet
