1342 2196
121 94 1279 265 had so much butter poured over
85 215 674 305 me at a time.
141 302 1126 461 Dr Lyons was on my Jury & I
40 418 1218 559 got on extremely well with him --
75 528 1153 637 We did not touch on birch[?]
78 659 281 787 Forests.
156 768 1243 931 It is good news that Harriet
44 893 1180 1002 is so much better, my love &
62 1003 1196 1148 Mater's to her -- she will be
87 1123 1268 1267 glad to have you at Eastbourne
974 1215 1151 1296 both
150 1254 1162 1402 let us know how you get
157 1382 1052 1471 on & Believe me ever
469 1505 850 1667 Affectionately yrs
618 1635 980 1785 JDHooker
171 1763 1009 1927 I paid a flying visit to the
150 1855 1114 1992 Garden, which is wonderfully
88 1958 1112 2101 improved since  McNab's time
