1524 2418
97 32 1506 176 to have picked up the knowledge
902 159 1338 291 have of the
78 155 447 294 I already
119 275 1414 433 trees & especially of the Pines
113 396 1448 558 of Colorado & hope before I get
101 489 1384 672 back to have such a knowledge
141 606 1382 783 of the habits & habitats of the
116 712 1441 916 Western Conifers as no one else
109 851 1330 1041 has. The association of so
88 978 1320 1108 many species is a feature
72 1079 1346 1236 quite new to me, & such as
96 1189 1434 1352 exists no where else. To find 8
68 1311 1360 1429 or 10 Conifers on one Mt. is a
70 1422 1438 1571 marvellous feature in vegetation.
98 1531 1437 1687 Thus in Colorado we have between
74 1634 1450 1778 5 &10000 ft -- Pinus edulis, ponderosa,
76 1739 1441 1889 aristata & flexilis Abies Douglasii
101 1868 1488 2015 Menziesii & Engelmannii (varieties of
98 1943 1406 2090 one) -- Picea concolor & Juniperus
95 2041 1482 2199 virginiana, occidentalis & communis,
99 2133 1418 2272 all abundant. Of these except &
90 2250 1410 2399 two of the Junipers none are found
