1565 2517
100 141 1354 192 Gaseous modes of lighting & other
91 281 1473 480 purely practical way. He touched
57 259 1376 314 matters treated of in an almost
107 423 1408 558 on his solar speculation lightly.
169 551 1341 728 The meeting is a small one &
110 671 1315 823 singularly wanting in scientific
129 766 1275 904 men. The Geographical section
150 874 1423 995 has been the best today, winding
124 1444 1257 1632 Poole, so I shall stay to
151 1554 1325 1756 accompany her except I am
139 1838 1193 1979 hesitate to let me know
166 1767 1252 1832 wanted. if I am do not
123 1073 1296 1116 up with a first rate paper by
153 1148 365 1277 Yule.
238 1217 1475 1379 I find that Lady H has settled
98 1324 1461 1489 to return to Kew on Tuesday from
164 1962 1356 2131 If any letter from Mr Waller my
127 2069 1372 2232 Architect goes to you please
107 2174 1360 2362 send it on ,he is in a hurry to
181 2332 1460 2446 have the contracts signed -- but
