1366 2231
110 1742 1239 1881 people you saw), I wish I had
119 1801 1287 1964 thought of urging you to cross the
122 1928 619 2019 Monte Moro.
644 1947 957 2075 yrs aff
77 1992 630 2089 The De Candolles are
70 2049 686 2165 coming to meet the Grays
905 2017 1223 2186 JD Hooker
77 2096 669 2201 about middle of month.
108 61 1258 241 hope you will attack the Palm
42 149 1305 345 House, & ornament the shelves
69 258 1187 443 with young Palms -- as well
124 371 1231 539 as the wings. An enormous
363 486 539 559 Palm
216 526 1264 730 I have turned out half the
137 482 1287 603 deal of potting is wanted.
127 628 1251 813 Tomatoes from the walls of the
124 733 1250 896 Herbaceous grounds & put in
127 829 1330 1002 new things. I have left the Tomatoes
136 929 952 1063 where they do no harm.
152 962 1198 1100 I wish you would make a
274 1079 573 1137 of inflorescences
119 1059 1308 1197 selection, for the new range front
459 1237 730 1311 the whole of
134 1190 1289 1275 walls, &  we will have matting
144 1223 1284 1394 put across them for Winter.
215 1323 1283 1464 But l am writing as if I were
116 1374 1297 1573 going away for a month, & I may be
132 1516 932 1651 back before you yet!
141 1555 1247 1715 Thanks for your most interesting
135 1665 1220 1789 letter.  What a lot of places (&
