1416 2157
191 211 1237 366 will undertake Finances for the
133 348 1229 496 R.S. I feared it might go into
164 467 1195 591 Brittens' hands.  I have been
165 603 1109 726 poring over the vols of Ceylon
168 711 1293 838 Flora & trying my hand at some
209 830 1235 950 of the genera -- Carex and Fimbristylis
167 943 1157 1077 with Clarkes work, & find it
169 1033 1179 1180 necessary with the latter to fall
207 1160 1230 1260 back on Bentham a good deal.
123 1254 1157 1379 As you told me, I find that it
134 1365 1143 1480 will take 2 vols to finish the
164 1465 1358 1611 work.  If I undertake it I must
153 1604 1318 1758 think about it for a couple of
174 1733 1138 1838 years.  It will be drudgery &
188 1753 1246 1945 the Govt. must gild the pill.
263 1922 1197 2052 I have just heard from King
