1602 2538
972 87 1472 243 Venice April 28/81
147 340 634 498 My dear Dyer
568 460 1488 597 I am very much concerned
134 553 1404 713 to hear that you have again been
145 685 1414 827 unwell, & with ague -- brought on
183 780 1416 952 I suppose by the miserably cold
201 924 1449 1021 weather that you have had. I
162 1031 1487 1168 sincerely hope that it is nothing serious
192 1187 1438 1232 & that you will not hesitate to
178 1246 1445 1388 send for me if it should be at
186 1464 1417 1624 our way home: we leave this
194 1417 1416 1452 all advisable.  We are now on
195 1582 1399 1739 on Monday by which time we
200 1693 1414 1828 shall have seen most of the
645 1782 921 1860 in Venice
203 1857 1408 1902 prinicipal sights, we shall go
203 1898 1328 2034 straight to Milan, & thence
234 2081 1398 2122 according to our "Cook's tickets" by
233 2120 1457 2274 the Lakes over the St Gotthard (if
233 2232 1464 2384 open, as I believe it is) to Zurich
211 2368 2537 2537 & so to Paris. A letter would
