1465 2430
31 -5 1422 166 much more of my work he did in my
789 77 1396 227 I did of his in
42 113 521 250 absence than
30 217 421 322 his absence.
943 184 1357 341 Thanks for
871 274 1382 403 interesting letter
57 290 431 423 Kirks very
414 359 1438 514 note on the Dacrydea to the
63 396 418 513 I sent a
67 442 1398 582 Icones with a figure of the new one
85 522 1467 678 he sent - & I hope that all is right
76 639 546 748 about them.
105 640 1441 847 As to Astilbe & Spiraea I well remember
63 765 1368 934 having great difficulty in unravelling
80 903 1468 1019 them in the collections when I did the
73 962 1445 1125 Saxifrageae, & can quite believe that
50 1037 1449 1208 I made amess -- I am not surprised
68 1125 1435 1271 at Clarke's method of work -- but am
4 1204 1443 1373 much disgusted, as he promised faith-
98 1314 1427 1465 fully to follow the precepts laid down
52 1389 1449 1561 as to my referring him to you as "Subeditor"
36 1495 1412 1611 the idea is absurd, what I told him was,
42 1576 1340 1733 that in any doubt or difficulty as to
65 1673 1379 1794 citations & methods & s forth you
63 1752 1304 1879 would I felt sure gladly tell him
53 1838 1359 1981 what my practice was, as you
39 1900 1322 2063 had followed it in regard to the
34 2017 1361 2141 Dipterocarpeae & in correcting proofs of
44 2079 1368 2234 other orders for me. We shall have
60 2165 1374 2299 difficulty I fear in working with the
71 2249 1356 2389 man & possibly the best solution
