1418 2210
65 113 1294 278 8 I am sorry for Wall, but not
100 201 1304 398 very. Their men put all their
139 338 1209 509 eggs into one basket & suffer
160 481 534 636 accordingly.
128 599 1189 801 I am groaning over a long
139 751 1310 894 supplement of Williamson's to
118 870 1257 993 his R. S. paper on Traquairia
147 965 1251 1119 which he finds (apparently) is
140 1065 1264 1219 the sporange of Lepidonotus &
117 1185 1334 1309 Anellides that they are macro
167 1294 1312 1431 spores!!! The whole question
162 1415 951 1545 is "in" an "Eugonic" state.
423 1536 775 1694 Ever affy
809 1656 1169 1835 DHooker
185 1783 334 1889 Sun
149 1832 795 1954 Sun out at last!
109 1888 1308 2031 P.S. I return the letter about Taylor
114 1996 995 2094 which will do extremely well.
61 1997 1359 2159 Please file Miss North's & Mr Noel's letters
