1303 2205
465 195 846 278 Royal Gardens.
586 281 711 359 Kew.
827 275 1039 451 Friday
842 495 1138 530 24/ 7/85
63 472 493 672 My dear Dyer
443 624 996 796 I am writing to
78 744 1125 875 Lubbock that Tuesday will not
105 870 1194 1007 suit me. -- any other day would.
193 951 1205 1065 I am sure you can make an
168 1058 1222 1190 ∞ better plan of the Offices than
148 1138 1188 1294 Lepelle,- the position of which
190 1238 560 1363 puzzles me
216 1350 1060 1515 I have just seen Smith
59 1455 1086 1606 who has had one of his heart
68 1572 1148 1698 attacks, but mild- & expects to
77 1674 1197 1814 be all right again tomorrow. -- He
96 1777 1086 1914 had not sent for Dr Anderson.
116 1893 1135 2033 The Rock Garden is gorgeous
