1365 2220
868 147 1213 288 Sept 20/82
96 498 432 611 Dear Dyer
286 580 1231 720 Things go on smoothly enough
84 658 1312 778 here. Smith is always away holidaying
104 737 1234 861 in London with wife & daughter & I
106 861 1184 971 am glad of the quiet for writing
122 913 1274 1054 my letters & getting a lot of work done
129 980 1298 1124 in the Herbarium, where I have been
819 1070 943 1125 a day
161 1067 1187 1234 giving two hours aday to the
164 1162 1269 1302 Arboretum collections. The Palms
172 1253 1282 1395 still occupy a great deal of my time.
164 1331 1220 1487 & I am not yet free of them. The
173 1427 1207 1553 order is as it were riddled with
190 1507 1239 1638 holes, in so far as the published
677 1603 824 1663 genera
175 1585 1315 1738 account of these goes, & the largest
172 1666 1230 1808 is hence a warren of pit--falls &
175 1778 1274 1908 snares, so that I find myself often
145 1865 1260 2001 on the wrong tack both in Museum
165 1939 1236 2087 & Herbarium, & I must fear that
162 2053 1190 2147 when I come to rearrange the
