1392 2184
239 216 1293 377 for a month: the Devon Peninsula is it's
173 371 1226 470 headquarters, & the forms are startling -
197 484 1180 585 yet never suggesting a specific difference
1173 478 1235 569 --
220 572 1175 681 to me at least.  In every case I have
187 664 1239 766 to dissect a flower under water, which
217 787 1202 890 with the removal from the mounting
203 883 1243 982 often takes 2 hours. I sketch every one,
188 992 1259 1101 & all parts on the Herb sheets & keep the
150 1087 1286 1213 "preparations" gummed on slips of paper in
202 1190 799 1271 a capsule on the sheet.
287 1273 1232 1371 The Madras Herbarium specimens have
168 1365 1216 1482 been a heavy labor -- I very much want
200 1483 1316 1583 the drawings that Harriet has in hand.
224 1591 1242 1699 Thanks for the photo of the house; it
220 1682 1186 1794 looks very nice & will no doubt
234 1782 497 1873 prove so.
199 1887 1268 1978 I made an effort to see the Antarctic
168 1998 1259 2107 sketches with my legs bandaged up to
