1534 2426
916 251 1359 432 Aug 23d/80
209 669 608 823 Dear Dyer
509 729 1345 916 All goes on well here
205 845 1448 1059 Mr Smith returned on Saturday
209 980 1385 1108 in robust health, & with a fine
239 1325 879 1471 much done up.
232 1125 1412 1206 complexion. Nicholson has
232 1241 1316 1324 gone away on leave -- very
223 1539 1454 1730 my orders about the Cinchonas,
406 1481 1460 1548 Cross flatly refused to take
254 1660 1323 1785 & I found that he had
262 1760 1389 1922 been corresponding with the
260 1854 1396 2039 I. O. about them. I at once
260 1990 1366 2117 telegraphed to Danvers my
272 2094 1349 2225 telegraph crossed on official
290 2281 1335 2316 letter enclosing one from
