1556 2434
917 218 1372 366 Kew Nov 12/
1322 297 1467 453 76
123 449 529 616 Dear Dyer
376 587 1467 739 Your welcome letter arrived
116 681 1525 857 last night.  We were pretty anxious
148 801 1466 941 to hear how you were impressed
180 898 1459 1060 with N Italy. & I am very glad
161 1022 1502 1149 indeed to get your early impressions,
164 1116 1428 1240 which are always worth a dozen
133 1225 1466 1361 of recollections after reaching home.
176 1289 1425 1473 I do not wonder at your rapture
153 1381 1396 1549 over Verona & St Marks at
171 1483 1382 1631 Venice- but wonder that the
170 1583 1433 1758 rest of the other features of the
149 1694 1437 1824 latter did not impress you more,
166 1791 1311 1938 especially the grand rising of the
1216 1825 1497 1961 seen from
177 1879 1255 2040 masses of buildings as everywhere
196 1986 1447 2144 the Canals & sea. Also I always
151 2067 1477 2239 thought that I never had realised
116 2177 1174 2358 the power of painting till I
144 2259 1483 2395 saw the Titians & Paul Veronese in
