1377 2130
66 57 1160 196 scenery, & one mountain tract
72 147 1258 241 limited lofty & savage in a high
86 221 1224 327 degree, with a rather contemptible
791 291 1029 360 latter the
91 313 1225 426 lakelet in its bosom, the theme
75 406 1268 541 of more misrepresentations, articles
85 482 1315 617 & description, than any spot on the
111 583 862 701 globe known to me -
78 656 1299 820 Of the rock scenes the finest is the
83 740 1320 890 Queraing, which consists of the one
84 846 1249 968 side of a mountain top of basalt
103 931 1262 1047 being dislocated in as singular &
91 1022 1267 1144 striking a marvel as it is possible
113 1103 1240 1208 to imagine:-- no description had
86 1191 1303 1319 given me any idea of its remarkable
96 1296 1296 1387 character -- nor can I say after seeing
88 1369 1286 1478 it, to what it is indebted for its
88 1454 1334 1565 unique character; whether to in action,
89 1540 1350 1677 sea action or convulsions, but should
88 1629 1342 1748 suspect the latter, with much subsequent
96 1708 1204 1805 aerial action. The substrata is a
88 1780 1332 1892 black tough basalt, with little vegetation
95 1858 1263 1962 though I found Silene acaulis, Arabis
99 1957 1215 2026 petraea, Oxyria, Antennaria & other
913 2006 1068 2061 rocks
96 2033 1257 2131 subalpines. These blasted place (the
