1391 2140
153 137 1072 278 we must exercise the
147 268 1334 378 greatest caution & self-control
113 373 1258 515 in our dealings with him; in
122 467 1259 604 fact circumspection. We are in
141 626 1265 704 a critical condition as concerns
133 715 1232 843 the Herbarium & Olivers long
164 848 1287 974 persistence in shutting out the
142 945 1286 1065 world, & evading his duty "duty
134 1046 1244 1190 to his neighbours" in any broad
123 1156 1264 1301 way has led to his harboring
109 1263 1260 1379 quite erroneous views. It is no
129 1359 1233 1507 use writing about this matter
123 1473 1151 1579 as I shall so soon be home
151 1579 1163 1685 Meanwhile it would perhaps
157 1672 1331 1779 be best that you discussed these
137 1773 1157 1889 matters as little as possible
148 1876 563 1978 with him.
179 1939 1278 2085 Alas, I find that Gunther was
