1579 2451
61 15 799 122 Gray is a splendid companion
71 89 865 168 though 65 he is as active as a
92 151 862 244 cat & full of eagerness to see
75 211 864 318 & show me every thing. I do
68 286 797 375 wonder that he has never
65 342 812 429 written a general view of the
83 415 863 513 Bot. Geog. of N. Am. -- it would
81 463 837 578 be so easy & instructive -- We
70 560 841 643 shall have to do something of
66 620 826 706 the kind for Hayden's Survey
74 666 813 772 Reports. The Stracheys make
73 757 819 835 capital travelling companions
75 821 821 923 always good natured lively &
73 899 479 976 much enduring.
103 936 815 1051 Thanks for the Garden Reports
72 1011 853 1113 which Gray likes much as do I.
130 1076 841 1178 I am glad that you washed
72 1141 874 1217 our hands of Rivers Boilers. The
90 1193 872 1312 Board have (I feel sure) a letter
89 1255 893 1359 from me recommmending that the
86 1326 871 1431 whole heating system should be
