1365 2197
69 63 1175 94 Morpeth here after the long journey from
59 70 1309 173 London. Sir W does every thing himself-- Lady A
81 148 1311 237 upwards of 80 is a cheery old Lady very clever
81 217 1295 302 & well informed, she is up every day at 6 &
95 277 1306 385 is her own housekeeper! Sir W's income is
86 352 1200 441 said to be £100,000 per annum. He was a
86 416 1314 503 solicitor till 40, he is 74 or 75 I think. He
101 496 500 583 has no family.
123 503 1319 653 John Hancock has been staying, a most interesting
100 575 1242 698 man. full of intellegence -- I spent this morning
94 602 1345 742 in the Newcastle Museum with him -- the birds are
83 705 1227 840 marvels of setting up & good arangement. His
79 768 1309 876 modelling beats Landseer hollow, & comes up to
94 840 1253 941 Hecknel. A Capt (Militia) Salvin (distant
94 906 1266 1023 relative of O. S.) has been here with an otter
94 973 1264 1058 & 2 cormorants, all trained to fish. The
89 1054 1288 1139 O. follows him like a dog. We had 2 dishes of
94 1113 851 1203 trout from the beast & birds.
156 1141 1236 1266 We leave on Wednendy, we I shall be
86 1233 1264 1339 glad to get back, -- these big houses bore
78 1295 1270 1406 me, though there is the very nicest company &
81 1373 1258 1467 not too much of it & a paradise of nice
89 1447 1214 1538 things to see outside & in: -- there is no
115 1496 820 1613 pleasing some people! --
363 1542 1317 1679 with united love to Harriet,
416 1706 802 1726 Ever affy yrs
818 1696 1210 1842 JDHooker
