1411 2189
128 332 1221 457 think Lord S. is an earest man.
272 459 1235 584 I have cut up one copy of the
110 654 1243 760 can make, & if, when you see it, you
100 607 1240 650 guide into the best arrangement
107 781 1226 828 think it would be for the best, I
133 865 1180 912 will piece it on my return from
101 925 359 1030 Scotland.
156 997 1220 1119 Dach writes word, that he has
948 1059 1118 1128 same
151 1174 1292 1336 asked for (500 ft to inch) & that
138 1127 1270 1194 done both Garden & P.G. to scale as I
133 1299 1180 1455 the Lithographer will begin about
165 1394 749 1547 beginning of August.
141 1471 1266 1619 A notice of Mme Cammile's book is in
151 1575 1295 1709 today's times, neither does it guage
124 1679 1292 1790 the incredible ignorance of the man
122 1729 1351 1862 who it calls a good geologist, Botanist
118 1810 1257 1961 & Zoologist! -- as for his Botany he
136 1902 1313 2047 positively did not know Monocot, from
407 2061 634 2119 lending
154 2021 1367 2090 Dicot. You really should get the book if
226 2107 1226 2144 it in Eastbourne library, it is quite a curiousity.
