1596 2435
126 727 1407 841 the Mountain. -- Castellamara where we are,
139 819 1503 989 We have not yet seen Herculaneum, which
122 933 1367 1031 presents another problem to my mind,
100 1021 1308 1142 it, (as you know), is bone fide buried
126 1121 1452 1230 under a thick stream of lava, -- & I want
147 1238 1319 1289 to know how its statues & articles
275 1267 588 1323 silver copper
158 1294 1356 1408 bronze glass &c escaped being utterly
90 117 651 245 that the wood &
173 94 1411 135 leaving the upper stories exposed &
871 133 1328 268 Transportable
88 214 605 358 materials of them.
970 240 1451 338 were removed
941 282 1057 353 late
926 326 1464 469 rest inhabitants
100 313 681 448 subsequently by the
116 455 1413 540 & other people, & that the final covering
683 499 1179 593 gradually or rapidly
129 532 1412 646 up of the town was effected during
138 635 1330 768 the many subequent eruptions of
151 1378 1101 1502 destroyed by melting or roasting.
178 1469 1384 1605 H I wrote to Prof. Palmieri of the
102 1568 1429 1729 Met. Obs at Vesouvius, but hear he is
133 1677 1359 1860 gone to Rome, I am most anxious
146 1830 1517 1923 see his instruments. -- If the weather holds
161 1858 1393 2038 good we shall ascend V. tomorrow
100 1954 1398 2123 but the Eqiunoctials have set in, with
93 2064 1337 2225 a furious cold N. E. wind & I am
80 2140 1123 2304 writing with very cold firgers.
135 2284 1417 2325 We called at the Bot Garden for Cesati
1035 2307 1148 2370 again
540 2293 778 2407 or Pasquale
83 2352 1384 2396 but did not see at Naples
