1397 2151
980 92 1311 247 March 8/96.
276 200 369 289 96
1044 235 1240 290 THE CAMP.
1018 297 1275 364 SUNNINGDALE.
190 479 642 641 My dear Dyer
490 591 1333 702 We are shocked & distressed
169 706 1249 845 to hear of your Mother's state: & can
199 817 1230 952 only hope that the operation may
219 910 1286 1042 give a longer spell of relief than
242 996 1295 1121 you expect.  It recalls my Mother's
213 1118 1175 1225 case to me: who survived the
244 1211 1299 1333 operation in her leg longer than we
220 1314 1285 1418 at one time had reason to hope --
244 1438 1291 1546 but she was a much younger woman,
251 1530 1322 1623 & the circumstances are not parallel.
336 1641 1226 1743 We shall be glad to hear
217 1763 1237 1862 when the operation is over, & your
235 1898 1251 2015 mind is, temporarily at any rate,
259 1979 549 2067 relieved.
