1373 2162
699 42 1299 214 Rothbury 13 Oct /85
82 218 508 368 My dear Dyer
402 334 1322 442 I received yours of 11th just after
21 406 1312 548 I had posted one to you yesterday, in which
21 498 1269 604 I forgot to mention the profusion of Ferns
35 577 1320 745 every where here; these being as much a feature
19 657 1004 766 as the Gaultheria Heathers & Rhodods.
524 724 827 800 your, our, etc
69 758 1242 863 You have put the case quite fairly
334 813 394 867 do
22 834 1283 936 but you it does not meet my difficulties
37 903 1264 1006 official or private. I should presume, or
42 986 1279 1084 have premised, that what brought the
43 1062 1279 1153 matter of retirement so suddenly up again,
61 1121 1314 1245 was that just as I was leaving for this place
51 1210 1285 1299 I had a letter from I Palgrave, who had
63 1283 1266 1389 kindly promised to look into all key affairs
79 1332 924 1420 (not with any idea of my retiring)
74 1380 1296 1473 that I could well afford to retire & that
933 1428 1254 1511 as well or even
66 1442 1251 1548 as it appears to me I could do better for
50 1529 1237 1656 myself & family by doing so -- this set me
26 1613 1311 1690 thinking over all the matters upon which
45 1679 1288 1765 I wrote to you -- What I cannot get over is
43 1756 1267 1858 the absolute necessity as it appears to me,
323 1813 492 1862 to act
501 1813 615 1870 to be
71 1821 1271 1942 of some one as, or in training as the future
55 1903 1267 1989 Asst. Director. You cannot feel, as I & others
51 1960 1222 2059 do, the force of the facts, that you have
63 2038 1290 2159 shown an aptitude for grasping the principles
