1556 2461
889 50 1291 185 Newhaven
989 153 1424 270 Connecticut
911 331 1304 366 Sept 22 / 77
91 422 666 584 My dear Dyer
391 518 1417 653 I have at last returned to
134 636 1317 759 Eastern American civilization &
134 716 1285 863 without regret, for I am pretty
28 829 1446 959 well fagged out with the hard
158 913 1437 1061 work of our occidental trip. I
171 1017 1389 1163 have stopped here a day to
78 1105 1323 1256 spend it with my friend Prof
156 1201 1388 1338 Eaton who with his new bride
165 1296 1428 1427 staid at Kew in 1866 & was much
157 1372 1465 1517 with us -- he was & is a great fern
155 1453 1465 1610 man, & is bringing out an illustrated
172 1537 1463 1689 book on the Ferns of the U States.
145 1624 1334 1789 New Haven is a wonderfully pretty
272 1840 383 1902 all
173 1778 1469 1828 place & this indeed may be said
215 1808 1440 1977 of the Eastern States that I have
136 1935 1525 2080 seen -- they are all so green varied in
170 2003 1520 2160 scenery wooded watered & grassed with
175 2098 1508 2241 the ocean in addition on the sea-board.
167 2176 1418 2333 We travelled Eastward day &
186 2261 1485 2437 night for 6 days & nights from
