1347 2154
2 689 73 775 up
15 784 62 839 t
39 54 1241 184 Gumbletons garden contains many
78 88 1186 237 fome stanks & hirls, but - the
88 178 1286 319 specimens are young & small. The
97 253 1247 394 general character of this vegetation
75 339 1271 502 you know from description -- nothing
124 414 1254 562 can the exceed its luxuriance of
129 499 1194 640 its kind -- but ony of its kind
564 586 1320 712 a bachelor, a Bibliomaniac
78 615 479 725 Gumbleton is
66 670 649 768 to a certain point
97 697 1206 817 & has heaps of expensive modern
99 740 1279 890 China. his enthusiasm for plants
82 799 1280 1009 is only equalled by his ignorance. He
74 915 1221 1046 has not the remotest conception of
88 986 1287 1132 even Genus & species -- does not know
78 1075 1280 1208 a Composite from a Grass or an Umbell
114 1162 1220 1300 from either & I believe could not
115 1228 1289 1376 comprehend it if pointed out. Nothing
80 1318 1275 1459 can exceed his kindness & anxiety
49 1408 1214 1520 to make as happy. He appears to be
69 1487 1235 1616 regarded by the Bagwells as a son,
91 1555 1268 1692 &they call him by his &tian name,
82 1654 1235 1778 laugh at his eccentricities & ignorance
74 1738 1277 1858 & praise his great goodness of heart,
77 1820 1228 1940 charity & love of good works in the
78 1915 556 2013 neighbourhood.
77 1964 1253 2074 To day  Tuesday Gimbleton will take
