1373 2256
754 38 1311 206 Sept. 25 76 [36
534 185 1188 315 The Doune Monday
563 293 776 395 Aviemore
97 371 612 585 My dear Dyer
280 535 1253 688 I have your three letters &
109 670 1328 775 enclosures received here. That
623 743 755 816 very
114 781 1314 908 of Prestoe is quite distressing. &
99 877 1286 1013 I am quite at a loss what to
135 976 1302 1077 do. Please write him a note
134 1080 1341 1249 by next mail expressing our sympathy
116 1179 1269 1306 & tell him that I shall go to
111 1296 1287 1416 the C.O. about it as soon as I
89 1387 1324 1522 return, but that with only his
103 1513 1244 1613 "Strictly private & confidential
127 1583 1294 1694 letter" to act upon, I cannot
119 1683 1307 1810 do much. The best thing I
132 1783 1306 1925 can think of would be that
99 1894 1185 2025 some friend of the Garden in
126 1978 1258 2091 Trinidad would draw up
154 2075 1255 2221 a brief statement for the Gardeners
