1544 2439
120 16 1386 177 will be that he publish in the
59 119 659 292 Linnean according
926 129 1380 271 to his own
114 248 508 364 sweet will
926 239 1303 378 as to his
108 328 1493 477 bothering you on the official correspondence
109 411 1230 574 on the subject, it is intolerable.
131 523 1440 669 The Railway disturbances have not
70 644 1440 765 affected us, & indeed we have had
64 718 1373 867 no let or hindance hitherto of any
77 801 1382 948 Kind -- as to Indians I have not
85 906 545 1064 seen a score
736 912 1496 1050 them altogether; we
522 966 1511 1124 (that had gorged itself & could scarce move);
72 993 1489 1185 have killed but one rattlesnake seen
18 1111 1419 1250 seen one grizzly bear (in confinement at
52 1197 1241 1340 a Railway station) -- had no
63 1294 1455 1421 earthguages here yet & altogether had
79 1366 1356 1528 a hum-drum life of very hard
96 1491 617 1600 work indeed.
122 1546 1369 1704 San Francisco is a horrid place
68 1645 1388 1808 & the country about it vile looking --
106 1764 1351 1886 bare red hills all around: still
54 1851 1385 1998 the quantity of interesting herbaceous
59 1941 1375 2081 plants one sees is astonishing, &
86 2022 1421 2152 in spring the whole country is said to
74 2129 1428 2276 be enamelled with flowers (which
86 2249 1474 2320 I can well believe) where nothing but
104 2294 1337 2412 red earth & dust is now to be
