1526 2451
144 81 1406 248 announcing safe arrival of 2 Wardian
120 325 1499 474 cases in good condition, & is delighted
136 435 1380 569 with growlh of Landolphia's in Jamaica.
98 531 1373 693 Warming is sending dried Cycad leaves
156 665 340 808 for you
101 789 1348 933 Cameron sending C. circinalis from
237 901 770 1031 Jungles of Deccan.
86 962 1157 1145 Kirk is sending a box of bulbs
117 1156 1266 1185 Arenga saccharifera arrived in
170 1177 1320 1368 Bahamas in perfect order, only
210 1282 567 1411 one dead
91 1368 1277 1540 Athens Consul is sending Salvia
182 1490 1413 1602 Apples from Heldreich & a footstool
194 1588 1208 1739 of stems of Ferula communis!
77 1703 1353 1830 Alf. Wallace is sending a few sprats
184 1798 1411 1982 to catch mackerel in shape of more
184 1899 770 1990 herbacious plants.
86 1985 1430 2114 The C.O. wanted me to undertake the
180 2062 1361 2200 providing outfits for the Jamaica
165 2167 1308 2289 men & sending bills to them. I
187 2255 1409 2408 declined & they have paid over £30
