1343 2183
948 -1 1278 135 146/252
944 133 1208 260 19/96.
975 265 1181 315 THE CAMP.
942 332 1217 392 SUNNINGDALE.
135 469 521 635 My dear Dyer
317 606 1121 720 If you think that I can
134 707 1219 865 be of any use I will gladly help:
159 800 1289 946 reviewing the sheets of Icones, though
159 949 1123 1057 I must own that my eyes are
161 1058 1207 1176 not so good as they were -- still
172 1167 1156 1314 I may here & there spot a
166 1282 1235 1416 blunder so big that others have
188 1402 642 1497 overlooked it.
185 1494 1174 1606 I would not trouble about
164 1619 1230 1735 Reeve -- if there is any chance of
148 1705 1257 1853 Dulam resenting it -- for I know
152 1841 1215 1932 what good men Dulam are, &
151 1946 1236 2055 how useful -- I do not see
