1565 2462
1003 -5 1244 203 oct 78
1014 254 1326 454 Friday
1017 437 1293 520 11 am.
248 530 803 749 My dear Dyer
419 709 1457 871 Thanks for your letter
162 830 1429 1006 recieved yesterday.  Jackson has
133 936 1532 1082 not yet turned up. Simmonds tells
193 1033 1460 1210 me that he is coming over probably
238 1265 1535 1434 Cunliffe Owen about him, but
185 1238 1433 1282 to day with Holmes  I have
215 1380 1525 1533 I do not think that will be of much
237 1487 1448 1657 use! -- so I have been round the
206 1579 1479 1769 principal Colonies & seen the lord
192 1700 1283 1843 Keepers, who are most civil,
215 1918 1479 2075 introduced me to them, & I have
246 1891 1509 1916 promise all they can. Simmonds has
247 2019 1497 2205 asked them to attend to Jackson --
282 2138 1473 2311 I still hope to see the latter, as
283 2272 1484 2429 I think I should take him to
