1383 2171
123 104 1137 214 Brewery at Halesworth which he was
381 171 689 230 (& disinclined!)
128 188 1165 301 totally unfitted to manage, led to the
412 250 706 338 a great part of
147 301 1200 402 dissipation of the fine property which he
147 430 1171 487 inherited; to which must be added a
113 524 1101 613 rather reckless expenditure in travelling,
100 608 1192 710 London society, & the purchase of books on
113 715 1275 813 Ornithology, Entomology, Botany &c. &c. &c & on
121 814 1175 895 the British Jungermanniae, Muscologia, &c.
229 893 1203 977 With love to Harriet & the children if
141 994 960 1103 with you (though no longer childs)
609 1090 1026 1219 Ev affey y
767 1209 1089 1355 Jos D Hooker
157 1417 1058 1532 I should be glad of some hardy
97 1521 1100 1606 perennials, Asters &c when the beds are
140 1627 1206 1727 being sorted -- do not trouble about Nama-
123 1739 1195 1819 I cannot keep them, my soil is so light -
150 1831 778 1909 that they have no hold.
123 1964 945 2074 We return to the Camp on Monday.
