1376 2136
938 75 1322 192 June 8 1908.
888 214 1079 271 THE CAMP.
853 279 1111 348 SUNNINGDALE.
302 503 934 642 My dear Hemsley
468 610 1174 721 I am sending off. Miss
226 702 1231 809 Smiths drawings for dispatch to
255 816 1188 915 the Paris Museums with which I
258 901 1095 1014 have a specimen of the little
248 1000 1208 1128 Burmien Impatiens which I called
250 1101 1248 1189 a new species but which I suspect
236 1186 1181 1304 May be I. circaeoides tath the all of
236 1278 1212 1377 which there are mutilated scraps
259 1357 1296 1474 in Wallich's herbarium, which latter
274 1501 896 1586 I must reexamine
311 1555 1162 1674 I have nearly finished the
236 1641 1255 1751 Petersburgh bundle, a very heavy job
252 1741 1294 1854 so many have had to be analyzed
255 1803 1204 1947 to identify them. His of none
279 1942 1330 2044 frightfully badly named all except
