1546 2421
107 371 1474 532 I have thought a good deal over your
114 489 1436 642 going to Court -- & am convinced that
102 588 1474 746 your prime motive, the establishment
124 687 1302 831 is the best, & to this I ought to
111 780 1465 951 contribute especially considering that
124 883 1336 1041 I got my swell suit for nothing.
143 998 1464 1116 I think however that there is another
126 1109 1429 1269 motive, for that though not compulsory
118 1191 1418 1324 & yes it is due to yourself & to your
133 1295 1406 1472 position -- in respect of the latter it is
145 1409 1412 1569 an offical recognition of it that
128 1518 1312 1683 would not be due if your had
131 1605 1361 1777 entered the service at the bottom
101 1717 1414 1852 & by competetion -- but you obtained
126 1818 1317 1976 it by honor as it were & it is a very
123 1912 1390 2080 honorable & dignified post, that of
123 2022 1305 2191 an Assit. Dorector -- it is removed
119 2131 1286 2302 from & high above aniy clerkship
146 2299 1352 2344 -- it is a thing apart -- though poorly
