1581 2426
156 121 950 258 well but does not look it.
182 177 1425 343 I get on very well indeed with Garrett who
109 280 1473 452 seems to me to get more work out of the men
126 379 1420 516 than any foreman in his place has done
144 450 1415 605 & goes about amongst them himself.
141 537 1311 673 & it is very long since I have seen the
143 617 1410 773 hard wooded things in the No 4 so well
166 696 1379 888 done -- the house is quite brilliant now.
180 817 1373 956 Watson behaves very nicely, but wants
144 882 1393 1036 looking up in details, -- especially in the
163 987 1398 1126 pits. He has got all the sick Palms in
165 1079 1412 1213 the Chichona pit! Where there was today
178 1131 1481 1274 no heat at all & the weather bitterly cold.
1294 1208 1500 1274 tropical
209 1221 1492 1381 The pipes were not even heated! The Ferns
187 1294 1483 1475 on the other hand are kept at boiling point.
173 1395 1497 1558 I have my doubts of Master Derry's competence.
194 1486 1335 1646 In the Arboretum, I have some heavy
618 1593 807 1656 in hand
149 1576 1508 1750 transplanting work & I must get the lumber
141 1665 1452 1858 within sight in the Zinnia garden out of
1060 1733 1379 1807 with Watson
173 1758 1483 1925 the way. I begin No 1 tomorrow maing, the
195 1850 1422 2011 things are all killing one another along its
190 1952 1427 2089 paths, & the middle is a huge vacuum.
243 2032 1478 2174 Bentham is pretty well, I am encouraging
189 2113 1451 2251 him to arrange Munro's grasses & hope he
197 2208 1468 2336 will. I fear he won't see his money back
953 2271 1449 2324 if he does not pick up strength.
219 2283 1505 2399 for Part I last part of Genera. He asked me
