1381 2153
164 114 1258 249 Soper & Reeve before him have
159 202 1290 372 been thorns in my side. They move
157 337 1272 487 in very narrow grooves, but I have
157 464 1280 596 so often sinned in withholding copy
171 601 1212 679 for weeks & months, which is a
167 670 1298 800 worry to the printers -- who visit on the
176 773 1331 895 publisher; that have got callous --
162 874 1213 998 to the greivances[sic] of both, -- & to my
171 990 599 1086 punishment.
310 1072 1124 1203 I have not a single one of
129 1201 1289 1296 the Tibetan implements you desiderate,
156 1305 1206 1423 Except a Tobacco Pipe, & this being
170 1420 1221 1545 wholly of brass is hardly suitable:--
177 1515 1169 1647 it is further my only objective
177 1614 1288 1762 memento of my "durance Vile vile,"
157 1734 1148 1849 when it was a Solace of a sort.
207 1836 1333 1937 Your request reminds me that
208 1948 1280 2044 I have still your inscribed slab!
