1413 2172
1069 -2 1215 113 188
916 101 1319 185 Novr 21 1905
968 225 1173 284 THE CAMP.
941 287 1207 365 SUNNINCDALE.
250 493 646 605 My dear Dyer
424 586 1343 687 I return Balfours letter. I could
139 676 1263 791 wish on many accounts that he was the
183 746 1266 889 best man fitted to be your successor. As
195 836 1198 933 it is, I think that he is too old to
177 940 1262 1029 take up such an onerous & complicated
177 1008 1292 1130 a mass of work, which further would be
192 1088 1300 1200 all new to him, -- whether in respect of
187 1158 1256 1305 the Garden correspondence or Herbarium work.
315 1255 1135 1366 Many thanks for sending me
195 1319 1307 1438 Clodd's Bates' amazon. It is an eye-opener
198 1402 1338 1533 in respect of my memory -- had you asked
207 1515 1237 1622 me, I should have said , that I never
214 1599 1238 1712 had any serious correspondence with
212 1704 1236 1817 Bates of the like nature. Of course I
212 1778 1299 1892 recognise it now it is in print, but
226 1855 1279 1956 with bewilderment. I am glad that
227 1943 1167 2034 Wallace attaches importance to it.
