<?xml version="1.0" encoding="UTF-8" standalone="yes"?>
<PcGts xmlns="http://schema.primaresearch.org/PAGE/gts/pagecontent/2013-07-15" xmlns:xsi="http://www.w3.org/2001/XMLSchema-instance" xsi:schemaLocation="http://schema.primaresearch.org/PAGE/gts/pagecontent/2013-07-15 http://schema.primaresearch.org/PAGE/gts/pagecontent/2013-07-15/pagecontent.xsd">
    <Metadata>
        <Creator>prov=University of Rostock/Institute of Mathematics/CITlab|PLANET AI GmbH/Gundram Leifert/gundram.leifert@planet-ai.de:name=JDHooker_1(htr_id=25179)::::v=2.6.6
prov=University of Rostock/Institute of Mathematics/CITlab|PLANET AI GmbH/Tobias Gruening/tobias.gruening@planet-ai.de:name=de.uros.citlab.module.baseline2polygon.B2PSeamMultiOriented:v=2.6.6
prov=University of Rostock/Institute of Mathematics/CITlab|PLANET AI GmbH/Tobias Gruening/tobias.gruening@planet-ai.de:name=/net_tf/LA73_249_0mod360.pb:de.uros.citlab.segmentation.CITlab_LA_ML:v=2.6.6
Transkribus</Creator>
        <Created>2020-07-19T17:36:49.336-04:00</Created>
        <LastChange>2023-05-17T01:10:07.734+02:00</LastChange>
        <TranskribusMetadata docId="437074" pageId="17691625" pageNr="2" tsid="121949194" status="DONE" userId="43461" imgUrl="https://files.transkribus.eu/Get?id=HHCZABCXURWACKOPFFEXBZCA&amp;fileType=view" xmlUrl="https://files.transkribus.eu/Get?id=RECHAXDFKFYYVEAOGGEUXFMI" imageId="13355368"/>
    </Metadata>
    <Page imageFilename="JDH_2_16_40a_003.jpg" imageWidth="1556" imageHeight="2448">
        <ReadingOrder>
            <OrderedGroup id="ro_1684330864573" caption="Regions reading order">
                <RegionRefIndexed index="0" regionRef="r1"/>
            </OrderedGroup>
        </ReadingOrder>
        <Relations/>
        <TextRegion orientation="0.0" id="r1" custom="readingOrder {index:0;}">
            <Coords points="55,63 55,2395 1486,2395 1486,63"/>
            <TextLine id="r1l1" custom="readingOrder {index:0;}">
                <Coords points="85,149 344,130 508,171 649,118 866,144 1021,87 1105,125 1390,103 1389,66 1107,27 655,70 548,23 399,68 296,37 84,106"/>
                <Baseline points="94,142 158,137 222,133 287,128 351,124 416,121 480,116 544,113 609,110 673,108 738,105 802,103 866,101 931,100 995,99 1060,99 1124,98 1188,99 1253,99 1317,101 1382,102"/>
                <TextEquiv>
                    <Unicode>a much better naturalist than I am</Unicode>
                </TextEquiv>
            </TextLine>
            <TextLine id="r1l2" custom="readingOrder {index:1;}">
                <Coords points="131,223 896,184 1135,240 1209,184 1470,178 1468,126 1227,95 1107,132 1019,82 800,160 760,127 503,183 201,147 130,195"/>
                <Baseline points="140,221 206,219 272,216 338,212 404,209 470,205 536,202 602,198 668,195 734,190 800,187 866,184 932,181 998,178 1064,176 1130,174 1196,173 1262,172 1328,172 1394,173 1460,174"/>
                <TextEquiv>
                    <Unicode>I also cannot help thinking that the</Unicode>
                </TextEquiv>
            </TextLine>
            <TextLine id="r1l5" custom="readingOrder {index:2;}">
                <Coords points="49,447 293,391 766,419 917,349 1031,391 1173,341 1493,353 1491,298 1338,275 1165,320 1031,273 902,328 44,334"/>
                <Baseline points="55,377 126,379 197,381 269,381 340,380 412,379 483,377 554,375 626,371 697,368 769,365 840,361 911,357 983,353 1054,350 1126,346 1197,344 1268,341 1340,340 1411,339 1483,339"/>
                <TextEquiv>
                    <Unicode>I do) regret the loss of a good foundation in</Unicode>
                </TextEquiv>
            </TextLine>
            <TextLine id="l" custom="readingOrder {index:3;}">
                <Coords points="108,307 159,305 210,304 261,303 312,301 363,299 414,297 465,295 516,293 567,291 618,289 669,286 720,284 771,281 822,279 873,277 924,274 975,272 1026,271 1077,268 1129,267 1244,266 1269,264 1295,263 1321,263 1346,264 1372,265 1398,265 1423,266 1449,266 1475,265 1474,250 1449,251 1423,251 1398,250 1372,250 1347,249 1321,248 1295,248 1268,249 1243,251 1129,252 1076,253 1025,256 975,257 923,259 872,262 821,264 770,266 719,269 668,271 617,274 566,276 515,278 464,280 413,282 362,284 311,286 261,288 210,289 159,290 107,292"/>
                <Baseline points="108,307 159,305 210,304 261,303 312,301 363,299 414,297 465,295 516,293 567,291 618,289 669,286 720,284 771,281 822,279 873,277 924,274 975,272 1026,271 1077,268 1129,267 1244,266 1269,264 1295,263 1321,263 1346,264 1372,265 1398,265 1423,266 1449,266 1475,265"/>
                <TextEquiv>
                    <Unicode>time will come when Charlie will (as</Unicode>
                </TextEquiv>
            </TextLine>
            <TextLine id="r1l6" custom="readingOrder {index:4;}">
                <Coords points="144,489 274,476 373,531 506,468 642,500 835,450 1118,476 1490,438 1487,365 1375,339 1034,392 918,350 812,425 141,412"/>
                <Baseline points="153,469 219,470 285,471 352,470 418,469 485,466 551,463 617,460 684,456 750,452 817,449 883,445 949,441 1016,437 1082,433 1149,430 1215,428 1281,427 1348,426 1414,426 1481,428"/>
                <TextEquiv>
                    <Unicode>physiology &amp; organic chemistry, &amp; in the</Unicode>
                </TextEquiv>
            </TextLine>
            <TextLine id="l_629" custom="readingOrder {index:5;}">
                <Coords points="143,564 193,561 243,559 293,557 343,555 394,552 444,550 494,549 544,547 594,545 645,542 695,541 745,538 795,535 845,533 896,530 946,527 996,524 1046,521 1096,517 1147,513 1220,514 1245,512 1270,510 1295,508 1321,507 1346,505 1371,504 1397,503 1422,503 1447,502 1473,502 1473,487 1447,487 1422,488 1397,488 1370,489 1345,490 1320,492 1294,493 1269,495 1244,497 1220,499 1147,498 1095,502 1045,506 995,509 945,512 895,515 844,518 794,520 744,523 694,526 644,527 593,530 543,532 494,534 444,535 393,537 342,540 292,542 242,544 192,546 142,549"/>
                <Baseline points="143,564 193,561 243,559 293,557 343,555 394,552 444,550 494,549 544,547 594,545 645,542 695,541 745,538 795,535 845,533 896,530 946,527 996,524 1046,521 1096,517 1147,513 1220,514 1245,512 1270,510 1295,508 1321,507 1346,505 1371,504 1397,503 1422,503 1447,502 1473,502"/>
                <TextEquiv>
                    <Unicode>history of medicine &amp; surgery. However</Unicode>
                </TextEquiv>
            </TextLine>
            <TextLine id="l_630" custom="readingOrder {index:6;}">
                <Coords points="165,645 214,644 263,642 312,640 361,637 411,635 460,633 509,630 558,628 607,625 657,623 706,620 755,617 804,615 853,613 903,611 952,609 1001,607 1050,606 1099,605 1149,604 1244,598 1269,596 1294,595 1319,594 1344,592 1369,591 1394,590 1419,590 1444,590 1444,575 1419,575 1394,575 1368,576 1343,577 1318,579 1293,580 1268,581 1243,583 1148,589 1099,590 1050,591 1001,592 951,594 902,596 852,598 803,600 754,602 705,605 656,608 606,610 557,613 508,615 459,618 410,620 360,622 311,625 262,627 214,629 165,630"/>
                <Baseline points="165,645 214,644 263,642 312,640 361,637 411,635 460,633 509,630 558,628 607,625 657,623 706,620 755,617 804,615 853,613 903,611 952,609 1001,607 1050,606 1099,605 1149,604 1244,598 1269,596 1294,595 1319,594 1344,592 1369,591 1394,590 1419,590 1444,590"/>
                <TextEquiv>
                    <Unicode>must content myself with what</Unicode>
                </TextEquiv>
            </TextLine>
            <TextLine id="r1l13" custom="readingOrder {index:7;}">
                <Coords points="150,858 383,801 493,853 675,788 1033,811 1118,774 1241,820 1425,791 1421,716 1211,696 1129,731 1036,694 146,778"/>
                <Baseline points="157,813 219,811 282,809 345,806 408,803 471,800 534,796 597,793 660,790 723,786 786,783 848,780 911,776 974,773 1037,769 1100,766 1163,763 1226,760 1289,757 1352,754 1415,752"/>
                <TextEquiv>
                    <Unicode>purposes, &amp; be thankful if he uses</Unicode>
                </TextEquiv>
            </TextLine>
            <TextLine id="l_631" custom="readingOrder {index:8;}">
                <Coords points="153,726 206,725 259,724 313,722 366,721 420,719 473,717 526,715 580,712 633,709 687,707 740,704 793,701 847,699 900,696 954,693 1007,690 1060,688 1114,684 1167,682 1221,680 1245,682 1272,681 1300,679 1328,678 1356,678 1383,679 1411,679 1439,680 1467,681 1468,666 1440,665 1411,664 1383,664 1356,663 1328,663 1299,664 1271,666 1245,667 1221,665 1166,667 1113,669 1059,673 1006,675 953,678 899,681 846,684 792,686 739,689 686,692 632,694 579,697 525,700 472,702 419,704 366,706 313,707 259,709 206,710 153,711"/>
                <Baseline points="153,726 206,725 259,724 313,722 366,721 420,719 473,717 526,715 580,712 633,709 687,707 740,704 793,701 847,699 900,696 954,693 1007,690 1060,688 1114,684 1167,682 1221,680 1245,682 1272,681 1300,679 1328,678 1356,678 1383,679 1411,679 1439,680 1467,681"/>
                <TextEquiv>
                    <Unicode>he chooses to think enough for his</Unicode>
                </TextEquiv>
            </TextLine>
            <TextLine id="r1l14" custom="readingOrder {index:9;}">
                <Coords points="172,890 242,896 272,884 300,902 312,891 335,891 366,908 390,889 476,878 475,849 448,854 395,839 346,850 249,843 221,823 199,835 170,833"/>
                <Baseline points="181,887 206,886 232,884 258,883 284,881 310,880 336,879 362,877 388,876 414,876 440,875 466,876"/>
                <TextEquiv>
                    <Unicode>it well</Unicode>
                </TextEquiv>
            </TextLine>
            <TextLine id="r1l15" custom="readingOrder {index:10;}">
                <Coords points="187,991 368,956 520,984 878,902 1083,962 1157,885 1453,868 1447,806 1265,838 954,779 856,867 715,895 502,858 329,938 178,895"/>
                <Baseline points="193,966 255,965 318,962 380,959 443,954 505,949 568,944 630,939 693,933 755,927 818,920 880,914 943,908 1005,902 1068,895 1130,890 1193,885 1255,880 1318,875 1380,872 1443,869"/>
                <TextEquiv>
                    <Unicode>There is I fear some bungling about</Unicode>
                </TextEquiv>
            </TextLine>
            <TextLine id="r1l16" custom="readingOrder {index:11;}">
                <Coords points="563,994 608,996 636,977 687,983 713,967 726,977 759,967 788,982 865,951 907,969 899,906 889,905 872,918 839,911 830,923 771,928 759,919 734,940 670,929 653,948 557,948"/>
                <Baseline points="570,982 595,981 620,979 645,978 670,975 695,972 720,969 745,966 770,962 795,959 820,955 845,952 870,949 895,946"/>
                <TextEquiv>
                    <Unicode>at the I.Office</Unicode>
                </TextEquiv>
            </TextLine>
            <TextLine id="r1l17" custom="readingOrder {index:12;}">
                <Coords points="112,1084 381,1105 616,1022 693,1057 924,995 1445,971 1441,928 1297,896 1141,961 107,1023"/>
                <Baseline points="120,1072 185,1068 251,1064 317,1058 383,1054 448,1048 514,1041 580,1035 646,1028 711,1021 777,1015 843,1008 909,1001 974,995 1040,989 1106,983 1172,978 1237,973 1303,970 1369,967 1435,964"/>
                <TextEquiv>
                    <Unicode>Willy's position which was to have</Unicode>
                </TextEquiv>
            </TextLine>
            <TextLine id="r1l18" custom="readingOrder {index:13;}">
                <Coords points="148,1216 394,1133 875,1145 953,1083 1444,1065 1440,1015 1199,982 829,1077 623,1021 369,1110 140,1111"/>
                <Baseline points="151,1148 215,1145 279,1141 343,1137 407,1132 472,1127 536,1122 600,1116 664,1110 728,1104 793,1098 857,1092 921,1087 985,1081 1049,1076 1114,1070 1178,1067 1242,1062 1306,1059 1370,1057 1435,1055"/>
                <TextEquiv>
                    <Unicode>been in the shipping dept. he had</Unicode>
                </TextEquiv>
            </TextLine>
            <TextLine id="r1l19" custom="readingOrder {index:14;}">
                <Coords points="133,1246 264,1294 343,1230 1131,1238 1298,1170 1430,1189 1427,1132 1277,1055 1140,1148 984,1121 753,1171 485,1128 131,1211"/>
                <Baseline points="141,1240 205,1237 269,1235 333,1231 397,1227 461,1223 525,1219 589,1215 653,1209 717,1204 781,1200 845,1195 909,1191 973,1186 1037,1183 1101,1179 1165,1177 1229,1175 1293,1173 1357,1173 1421,1173"/>
                <TextEquiv>
                    <Unicode>better see Strachey about it, who was</Unicode>
                </TextEquiv>
            </TextLine>
            <TextLine id="r1l20" custom="readingOrder {index:15;}">
                <Coords points="161,1394 374,1323 614,1317 699,1354 783,1303 1040,1324 1124,1271 1283,1282 1277,1203 1246,1198 1094,1249 864,1217 782,1260 343,1231 265,1294 151,1257"/>
                <Baseline points="165,1338 220,1336 275,1334 331,1331 386,1328 442,1325 497,1321 552,1317 608,1313 663,1308 719,1304 774,1300 829,1296 885,1291 940,1287 996,1282 1051,1279 1106,1274 1162,1271 1217,1267 1273,1264"/>
                <TextEquiv>
                    <Unicode>to sail on 21st of this month.</Unicode>
                </TextEquiv>
            </TextLine>
            <TextLine id="r1l21" custom="readingOrder {index:16;}">
                <Coords points="216,1438 917,1423 1176,1345 1358,1358 1383,1256 1126,1270 891,1344 375,1323 211,1370"/>
                <Baseline points="225,1429 282,1427 340,1424 398,1421 456,1417 514,1413 571,1409 629,1405 687,1400 745,1396 803,1391 860,1386 918,1381 976,1376 1034,1371 1092,1366 1149,1361 1207,1357 1265,1352 1323,1348 1381,1344"/>
                <TextEquiv>
                    <Unicode>Thanks for the Telegraphs &amp; Echo</Unicode>
                </TextEquiv>
            </TextLine>
            <TextLine id="r1l22" custom="readingOrder {index:17;}">
                <Coords points="111,1539 374,1498 448,1548 521,1497 773,1508 983,1447 1434,1442 1436,1388 1105,1379 1014,1433 879,1400 813,1443 542,1460 408,1427 284,1462 100,1404"/>
                <Baseline points="117,1510 182,1509 248,1508 313,1505 379,1502 445,1498 510,1494 576,1489 641,1484 707,1479 773,1473 838,1468 904,1462 969,1456 1035,1450 1100,1444 1166,1439 1232,1433 1297,1427 1363,1423 1429,1418"/>
                <TextEquiv>
                    <Unicode>the last of which has diverted us</Unicode>
                </TextEquiv>
            </TextLine>
            <TextLine id="r1l23" custom="readingOrder {index:18;}">
                <Coords points="139,1634 195,1645 259,1593 446,1625 634,1557 750,1589 807,1543 936,1557 1027,1516 1305,1543 1367,1529 1361,1452 1224,1490 984,1447 905,1510 820,1477 737,1520 520,1498 391,1561 242,1512 132,1556"/>
                <Baseline points="145,1598 205,1596 266,1592 326,1588 387,1584 448,1578 508,1573 569,1567 629,1561 690,1555 751,1549 811,1543 872,1537 932,1532 993,1527 1054,1523 1114,1519 1175,1515 1235,1513 1296,1511 1357,1510"/>
                <TextEquiv>
                    <Unicode>amazingly -- Mr Proctor has so</Unicode>
                </TextEquiv>
            </TextLine>
            <TextLine id="r1l24" custom="readingOrder {index:19;}">
                <Coords points="111,1686 757,1682 992,1610 1133,1652 1433,1612 1430,1570 1185,1525 801,1542 739,1599 606,1584 403,1638 254,1594 193,1647 108,1642"/>
                <Baseline points="119,1673 184,1673 249,1673 314,1671 379,1667 445,1664 510,1659 575,1653 640,1647 705,1640 771,1635 836,1629 901,1623 966,1617 1031,1612 1097,1608 1162,1606 1227,1604 1292,1603 1357,1605 1423,1607"/>
                <TextEquiv>
                    <Unicode>overdone it, that it can only do us</Unicode>
                </TextEquiv>
            </TextLine>
            <TextLine id="r1l25" custom="readingOrder {index:20;}">
                <Coords points="133,1773 945,1772 1090,1705 1268,1733 1313,1694 1447,1730 1444,1673 1296,1613 1141,1658 1017,1614 852,1683 638,1660 527,1726 338,1670 128,1682"/>
                <Baseline points="141,1759 205,1759 270,1758 335,1756 400,1753 465,1749 529,1746 594,1741 659,1735 724,1730 789,1725 853,1720 918,1715 983,1711 1048,1707 1113,1704 1177,1702 1242,1701 1307,1702 1372,1704 1437,1707"/>
                <TextEquiv>
                    <Unicode>all good -- but I do regret to see</Unicode>
                </TextEquiv>
            </TextLine>
            <TextLine id="r1l26" custom="readingOrder {index:21;}">
                <Coords points="153,1846 266,1847 368,1905 443,1845 543,1839 624,1890 729,1838 971,1858 1099,1777 1288,1801 1303,1721 1137,1703 899,1782 779,1755 697,1796 493,1754 410,1802 352,1761 149,1782"/>
                <Baseline points="161,1848 217,1847 274,1845 331,1843 388,1841 445,1838 501,1836 558,1833 615,1829 672,1827 729,1823 785,1819 842,1815 899,1811 956,1808 1013,1803 1069,1799 1126,1795 1183,1790 1240,1786 1297,1781"/>
                <TextEquiv>
                    <Unicode>an English paper adopt the</Unicode>
                </TextEquiv>
            </TextLine>
            <TextLine id="r1l27" custom="readingOrder {index:22;}">
                <Coords points="137,1955 741,1946 1010,1890 1419,1917 1413,1796 1214,1822 1149,1786 974,1857 771,1837 648,1890 453,1850 370,1905 131,1839"/>
                <Baseline points="145,1940 208,1941 271,1940 334,1939 397,1937 461,1933 524,1929 587,1925 650,1920 713,1915 777,1910 840,1905 903,1900 966,1896 1029,1893 1093,1890 1156,1888 1219,1887 1282,1888 1345,1890 1409,1893"/>
                <TextEquiv>
                    <Unicode>unscrupulous tone &amp; language of</Unicode>
                </TextEquiv>
            </TextLine>
            <TextLine id="r1l28" custom="readingOrder {index:23;}">
                <Coords points="148,2060 242,2074 309,2022 816,2030 948,1982 1151,1980 1267,2034 1307,1991 1408,1999 1404,1917 1324,1886 1267,1927 1006,1897 843,1968 249,1954 146,1998"/>
                <Baseline points="155,2025 217,2023 279,2021 341,2019 403,2017 465,2015 527,2012 589,2010 651,2008 713,2005 776,2002 838,2000 900,1997 962,1994 1024,1990 1086,1987 1148,1984 1210,1979 1272,1975 1334,1971 1397,1966"/>
                <TextEquiv>
                    <Unicode>all American ones, &amp; be ready to</Unicode>
                </TextEquiv>
            </TextLine>
            <TextLine id="r1l29" custom="readingOrder {index:24;}">
                <Coords points="148,2116 853,2098 909,2139 987,2078 1362,2085 1428,2061 1426,2015 1021,1991 943,2053 368,2022 146,2072"/>
                <Baseline points="157,2107 220,2104 283,2101 346,2098 409,2095 472,2092 535,2090 598,2088 661,2085 724,2083 788,2081 851,2079 914,2077 977,2074 1040,2072 1103,2070 1166,2067 1229,2064 1292,2061 1355,2059 1419,2055"/>
                <TextEquiv>
                    <Unicode>give publicity to any communication</Unicode>
                </TextEquiv>
            </TextLine>
            <TextLine id="r1l30" custom="readingOrder {index:25;}">
                <Coords points="172,2213 439,2169 546,2217 689,2175 832,2213 904,2153 1442,2150 1439,2068 1317,2060 1098,2126 987,2080 902,2139 169,2122"/>
                <Baseline points="179,2181 241,2181 304,2181 367,2180 429,2179 492,2177 555,2175 617,2173 680,2171 743,2168 806,2165 868,2162 931,2159 994,2156 1056,2153 1119,2150 1182,2147 1244,2145 1307,2142 1370,2140 1433,2138"/>
                <TextEquiv>
                    <Unicode>without any enquiry into its truth</Unicode>
                </TextEquiv>
            </TextLine>
            <TextLine id="r1l31" custom="readingOrder {index:26;}">
                <Coords points="219,2276 891,2283 1077,2237 1226,2301 1466,2272 1464,2195 1361,2141 1212,2139 1151,2182 902,2154 832,2213 686,2174 564,2222 439,2168 217,2192"/>
                <Baseline points="227,2252 288,2255 350,2258 411,2259 473,2259 534,2259 596,2258 657,2256 719,2254 780,2250 842,2248 903,2245 965,2243 1026,2239 1088,2237 1149,2235 1211,2234 1272,2233 1334,2233 1395,2234 1457,2236"/>
                <TextEquiv>
                    <Unicode>I am sorry that the delay of news</Unicode>
                </TextEquiv>
            </TextLine>
            <TextLine id="l_632" custom="readingOrder {index:27;}">
                <Coords points="168,2341 217,2342 266,2343 315,2344 364,2343 413,2343 462,2341 512,2340 561,2338 610,2337 659,2335 708,2334 757,2333 806,2332 856,2332 905,2333 954,2335 1003,2337 1052,2341 1101,2345 1151,2351 1276,2337 1302,2340 1328,2341 1354,2341 1381,2342 1407,2344 1433,2345 1459,2349 1486,2355 1489,2340 1462,2334 1434,2330 1408,2329 1382,2327 1354,2326 1328,2326 1303,2325 1276,2322 1151,2336 1103,2330 1053,2326 1004,2322 955,2320 905,2318 856,2317 806,2317 757,2318 708,2319 659,2320 610,2322 561,2323 512,2325 462,2326 413,2328 364,2328 315,2329 266,2328 217,2327 168,2326"/>
                <Baseline points="168,2341 217,2342 266,2343 315,2344 364,2343 413,2343 462,2341 512,2340 561,2338 610,2337 659,2335 708,2334 757,2333 806,2332 856,2332 905,2333 954,2335 1003,2337 1052,2341 1101,2345 1151,2351 1276,2337 1302,2340 1328,2341 1354,2341 1381,2342 1407,2344 1433,2345 1459,2349 1486,2355"/>
                <TextEquiv>
                    <Unicode>of me caused any anxiety but it</Unicode>
                </TextEquiv>
            </TextLine>
            <TextEquiv>
                <Unicode>a much better naturalist than I am
I also cannot help thinking that the
will (as
time will come when Charlie
I do) regret the loss of a good foundation in
physiology &amp; organic chemistry, &amp; in the
However
history of medicine &amp; surgery.
what
must content myself with
for his
he chooses to think enough
purposes, &amp; be thankful if he uses
it well
There is I fear some bungling about
at the I.Office
Willy's position which was to have
been in the shipping dept. he had
better see Strachey about it, who was
to sail on 21st of this month.
Thanks for the Telegraphs &amp; Echo
the last of which has diverted us
amazingly -- Mr Proctor has so
overdone it, that it can only do us
all good -- but I do regret to see
an English paper adopt the
unscrupulous tone &amp; language of
all American ones, &amp; be ready to
give publicity to any communication
without any enquiry into its truth
I am sorry that the delay of news
of me caused any anxiety
but it
</Unicode>
            </TextEquiv>
        </TextRegion>
    </Page>
</PcGts>
