1569 2421
123 47 1447 203 the offices which I condensed in toto -- your
123 127 1411 277 room was to be 10 ft. square! & at the
132 213 1223 367 angle of the building facing the green &
1235 224 1456 336 (Mr Smith)
144 329 1481 406 the Garden entrance! It took in Oliver's for
260 396 398 458 (Oliver)
121 367 1480 512 whom no other residence was thought of but
125 423 1423 597 Miss Hodgsons, which Mitford declares we
123 476 1452 657 shall never get & the whole arrangement
132 570 1472 749 was more like a rabbit warren than a
159 695 671 807 dwelling place.
87 702 1519 870 Mitford asked the F.C. about what he (the F.C.)
72 798 1525 951 had told me regarding the Palace, he first denied
105 865 1456 1042 what he said & then admitted it with the
98 946 1449 1120 assurance that he only referred to what had
110 1035 1422 1217 passed a year ago! -- Meanwhile P. Fane
98 1141 1451 1302 writes that the Queen would gladly give up
107 1221 1371 1387 the Palace for an equivalent, adding !! Mr
87 1311 1422 1461 Leferne has a scheme on the stocks, & when
89 1492 1366 1666 "him". I shall go to town tomorrow &
66 1457 1436 1520 I go to town I will reopen the question with
143 1617 651 1745 see what I can do.
714 1706 899 1838 febrifuge
172 1723 1412 1792 King has sent a copy of a memo to the
92 1756 1427 1899 Govt of Bengal on the manufacture question,
121 1827 1436 1977 which will well back up your letter. I
119 1923 1436 2071 traverse much the same ground with like
119 2033 347 2123 results.
130 2058 1481 2218 A long letter comes from Col. Henderson on the
81 2160 1423 2290 subject of a quinine manufactory in Neilgherries --
99 2265 1295 2406 it will require our careful consideration.
