1364 2222
149 488 1241 636 you both live to enjoy such
149 580 497 669 advantages
101 622 1286 750 absguguents as it should secure,
108 728 1318 865 & there are many & substantial
155 834 1226 976 for ourselves & our children --
143 943 1222 1101 though not unmixed with
117 1069 1077 1190 bitters. You will regret
111 1158 1232 1309 leaving your pretty house, & so
142 1279 1250 1407 did I thats now the Olivers --
152 1386 1240 1506 but you will find this a
134 1482 1276 1643 very charming residence taken for
166 1601 1262 1746 all in all, & as a Government
148 1713 1243 1832 one, it is exceptionally good, &
148 1850 1228 1963 suitable to your income &
158 1920 1336 2047 requirements & to have a Clerk of
146 2027 1160 2177 the Works of one's own is an
