1359 2166
180 183 1281 323 him, & he said nothing -- but
146 345 1253 471 I seriously hope that if any such
170 451 1264 572 proposition is made that it will
161 564 1191 676 not be entertained. The Kew
163 691 1212 811 Herbarium is, as it stands, one
153 804 1253 905 & indivisible, as the representation
147 911 1244 1033 in all Orders but the lower Algae, of
156 1036 1315 1179 the Botany of the Century; & is the work,
196 1160 1349 1289 for 80 years of it, of two individuals,
181 1280 1298 1423 & it further contains the evidences
666 1363 773 1427 two
176 1399 1318 1550 of all that these hands published.
252 1512 1237 1670 Probably, the Musci & algae
145 1638 1282 1744 are what Evans had in view --
220 1780 1222 1909 -- to rob the collection of which
189 1918 1172 2031 would indeed be pulling up
