1325 2155
144 193 1141 346 collected by Truithn in Sikkim
182 338 1261 447 sent by Kew to St Petersburg of which
183 437 1201 556 there is not a scrap in Herb. Kew.
240 536 1172 638 There are 2 curious species from
176 611 1105 755 Chitral - far west of the Indes
207 733 1122 866 collected by Col. Gatteore on the
223 835 1066 945 Chitral exped -- new to me.
369 982 1104 1092 I have a specimen of
196 1099 1102 1206 Eria tekiling with monstrous
237 1181 1247 1319 flowers found by my son Reginald
208 1294 1108 1394 on the moor behind my house
605 1398 904 1549 Ever ys
128 1504 1169 1694 Pamplim 98 lots JD Hooker
137 1681 822 1791 Brown 103
459 1780 730 1894 W.B.H.
