1397 2205
40 47 1316 202 40 cases Duthie's are in bad
101 178 1321 311 order, should go on to Calcutta
99 296 1234 456 to be sent at once to Assam.
227 404 1194 568 I am delighted to hear
133 534 1257 679 of the Dipterocarp application
105 653 1286 797 & shall strongly back it: & all
91 746 1324 871 the more as I am so anxious
92 869 1304 1014 about your coming forward for
62 984 1348 1125 R. S. though with Bentley stopping
769 1061 887 1123 not
97 1098 1400 1233 the way it could be as unanimous
81 1195 1158 1320 a matter as I should wish.
144 1285 1233 1444 I have heard nothing of the
51 1384 1269 1539 Association as yet -- Bentham is
98 1520 1230 1680 gone to the general meeting.
139 1651 1381 1764 We have had tolerable weather
99 1764 1318 1897 for our trip to the Clyde, Inverary,
118 1885 1284 2033 Loch Lomond, -- fine on the
65 2015 1233 2136 whole, with tremendous squales
