1532 2426
109 63 1474 198 paid - & not the less honorable on that
114 147 1409 262 account -- It now strikes me that
208 228 825 295 it would be well not to
77 250 1402 388 delay to know your
128 384 1360 434 sense of the office as such, quite
111 453 1477 576 independent of personal consideration, or
131 533 1184 680 the good of the establishment.
245 630 1475 753 This is a delightful little hotel.
121 750 1370 874 We dine tomorrow at Lavelier's
109 850 1344 995 & Tuesday at Coopers -- on Wednesday
249 973 1109 1107 we start for the South.
576 1107 896 1271 I am aff yours
845 1278 1261 1484 JDHooker
