1438 2176
215 97 1266 245 with which I first surveyed that
166 243 1241 372 scene & that it had rankled in my
165 359 1261 450 heart ever since -- If that is the light
166 460 1166 545 under which our legislators look
186 549 1204 665 & passes the business of the country
194 646 1281 760 what must the people think of them.
192 765 1287 847 But it is only one sign of the determination
207 876 1212 973 or rather demoralisation of our
201 985 1221 1075 Parliament. Bryce quite agreed
170 1061 1274 1142 with me & said that I did not know
201 1181 1199 1257 the worst of it -- for that improper
183 1265 1211 1351 persons were brought there who other
191 1367 1263 1445 Ladies would not meet. I told him
197 1449 1241 1576 he ought to take the matter up himself,
195 1557 1246 1691 & I am keeping at him, especially as
199 1659 1208 1773 he told me that many members
188 1754 1262 1847 were of his opinion, I wonder how
167 1851 811 1948 it originated & when.
278 1953 1252 2058 Mrs Paisley tells me that her
