1616 2559
218 124 1466 183 I must now draw this to a close
78 150 1447 349 I am glad that you have set Jurd
136 338 1483 444 on the Lodge & road -- I suppose we
138 430 1414 563 cannot finish this years estimates
154 532 1298 670 as a Urinal is much wanted &
107 772 1455 948 planting the plot of ground opposite.
168 734 1375 769 funds for putting into order &
195 882 1409 1044 Why should Mitford be unhappy
104 989 1391 1188 about dredging the Lake -- the Board
153 1196 1487 1227 never took the smallest interest in
143 1219 1526 1348 such matters before -- I am distressed
121 1341 1424 1462 about the Araucaria Relei, what
119 1464 1436 1593 does Walters say -- do they keep the
131 1554 1267 1711 gravel on the shelves damp?
183 1640 1469 1816 I am heartily glad that the Terrace
178 1838 1445 1889 is a success --  I long to see it --
155 1871 989 2028 & that Brace is a success
300 1994 1421 2151 I wish for Science's sake, that
121 2090 1500 2253 I could think it would be wise of
124 2213 1510 2394 me to take any part in the Linnean
157 2406 1515 2435 affairs. I cannot mistrust my own
