1615 2486
125 118 1339 178 is little better than a white lie --
106 233 1464 366 Cow a Duchess, brought £3200, I think &
126 187 1484 255 Well the cattle sold badly though one
603 308 873 377 as equally
125 308 1350 441 a Bull heifer an equally large sum. Two
104 352 1481 538 magnificent Clydesdale Stallions brought
108 479 1474 643 only £240 & £180 -- Buyers were not
101 570 1498 744 many & the bidding slack. Champagne
110 642 1481 834 went round in buckets full. Lord D.
119 767 1420 935 a very Horsey Gentleman Capt in the
121 843 1461 1028 ring like the Whipper in the Circus, &
137 938 1380 1077 took the Clowns part also! -- We
118 1007 1450 1200 had a good lunch in a tent leaking
136 1095 1471 1253 over my plate. (1000 at least ate) &
74 1214 957 1319 drank champagne like water.
112 1197 1413 1384 Lady H & Lady Julia got good seats &
129 1328 1346 1489 the latter understood the business.
173 1401 1393 1560 We returned yesterday too late for
127 1523 1325 1676 post, & I have all your letters.
108 1607 1498 1765 Very many thanks, but you really must
138 1668 1419 1873 not think yourself bound to add
326 1864 1053 1971 except when I can help you.
171 1836 1449 1912 so much to your labours by writing so
156 1893 1411 2041 fully to me; Of course I am very
122 1978 1510 2126 glad to hear all & every thing, but you
129 2058 1084 2216 must think of yourself.
159 2150 1461 2296 You have improved the letter about
161 2249 1436 2383 the grant very much & I am sending
105 2332 1467 2432 it off (copied): I quite approve of all
