1357 2205
60 34 1173 240 We have had a pleasant stay
21 193 1232 307 at Barton, always an interesting
61 303 1220 417 house, & here -- a fine old place
78 413 1304 541 representing the accumulated property
70 501 1241 650 of various heiresses. My host, a
70 622 1258 763 man of great intelligence has been
92 738 1221 838 initiating me into the mysteries
116 810 1249 985 of drain pipes, cess pools & the
99 954 1195 1059 like: he is a liberal animated
76 1078 1110 1205 enlightened man amongst a
84 1142 1195 1284 neighborhood sunk in Torydom
92 1260 1195 1414 the Secpect due. The Agricultural
1214 952 1280 1035 &
87 1336 1238 1480 interest here is "burnt up". The
101 1471 1229 1598 "families" have, almost to a man
113 1559 1295 1676 left let their houses to the millionaires
138 1680 1174 1821 of trade & are in hiding, on
138 1772 1246 1879 retirement. -- The effect will be
70 1876 1278 1977 a partial return when the seasons
105 1975 1186 2107 may come that will bless their
124 2121 1168 2152 fervour, but in many cases an
