1362 2236
723 85 1074 213 July 19.79
679 219 1176 380 Saturday mg.
101 522 537 671 Dear Dyer
111 766 1163 917 that Willielma died very
87 683 1265 806 to il We have just heard
153 867 1244 1028 suddenly & without suffering,
166 973 1169 1141 & the letter (from Isabella) is so
189 1075 1200 1234 confused that we cannot
203 1198 1181 1331 gather from what cause
153 1300 1231 1430 indeed none is mentioned.
191 1402 1156 1552 She had quite time to
211 1481 1311 1632 see her husband & bid him
207 1638 1258 1768 good bye, & to leave a message
231 1748 1266 1898 her brot mother who
195 1861 1183 2016 was not sleeping in the
200 2001 1273 2118 house. She is to be buried
