1638 2504
133 0 1518 221 with the Miss Horners & Anne Perry &
145 197 1475 353 there met two of the Miss Cobdens
161 316 1466 448 who asked much for Harriet, (they
142 418 1431 539 were not her companions in Algeria
142 613 1503 650 however). On our way hither from
178 655 1224 811 Florence we visited Bologia, &
185 769 1421 930 took a siding to Ravenna, a
149 890 1392 1055 town of extraordinary interest. I
130 997 1495 1155 was amazed to find the famous
232 1183 1432 1212 Pine Forest (P. pinea) killed
210 1293 1406 1344 dead, by the cold of 1879 -- 80! &
183 1336 1342 1504 past recovery; young & old all
163 1438 1549 1603 killed -- I never saw anything like
171 1549 1419 1720 it except the great eucalyptus
155 1745 1475 1786 Forest of the subalpine plateau of
655 1775 854 1850 where
159 1786 1464 1924 Tasmania which I rode through
538 1881 806 1955 apparently
185 1879 1319 2054 20 miles of dead taller
232 2005 953 2135 timber, killed in 1835.
277 2195 1378 2220 If I have time in Paris I
157 2299 1474 2330 should like to take a day & roam
198 2413 1456 2446 down to Hortes Segregianus, but
