1225 1850
146 0 1122 160 I have written to Smith about
75 149 1066 248 Martin & Sharpe
75 349 1142 443 rearrangement of Sharpe's duties &c.
77 289 1010 336 Have told him that the
105 437 1097 563 should free money to enable us
391 530 475 578 good
133 529 1122 634 to get a man in Martin's place
121 614 1044 752 who like Truelove could be
126 724 1110 851 trusted to prune flowering--shrubs
120 793 1168 929 & make & mend gravel paths & &c
129 876 1146 1030 without his (Smith's) supervision
142 1022 288 1104 &c &c
176 1046 1173 1206 As to Sharpe I told him that
105 1154 1161 1307 I had had hints that the state
120 1269 1101 1452 of No 4 might attract public
133 1374 1053 1498 attention, that Sharpe was
656 1460 847 1530 (Smiths)
130 1495 1052 1615 not realising his expectations,
161 1579 1149 1697 that I did not see in his house
153 1683 1134 1826 even the conmonest flowers
