1393 2170
141 0 1231 153 seeing more to the drawings in progress.
147 130 1329 210 Then there are the reports on collections to
107 179 1340 303 make or supervise, & no end of other Herbarium
106 282 288 351 matters.
134 433 1225 474 we meet -- I shall do nothing in a
164 343 1330 396 Enough, we can talk over matters when
129 493 315 609 hurry.
152 654 1317 789 we are exceedingly concerned, -- but she
164 617 1226 672 Your account of Harriet is distressing
149 715 1283 839 has got over similar attacks with no
145 781 1295 925 great suffering & we hope to find her
129 862 1237 980 set up on our return. It is well she
138 965 853 1067 did not go to Highstone.
492 1111 868 1130 Ever affy yrs
848 1130 1129 1272 JDHooker
