1579 2411
140 352 850 491 impossible this year.
210 468 1421 622 On Sunday Gray & I called on Decaisne
116 587 1305 736 who we found looking aged, he
132 736 1378 777 suffers terribly from attacks of gravel
140 793 1403 905 on the kendneys. He tells us he has a
148 892 1383 1031 pupil who has discovered that the
148 1005 1364 1108 hairs form the most important
165 1086 1395 1210 diagnostic character of the Nat. Ords
189 1168 1453 1287 that it is infallible! Of course we did
135 1259 1440 1372 not contradict him -- he himself is
170 1370 1480 1488 finding characters of species of Clematis
163 1498 1450 1565 in the number of woody bristles of the
178 1537 1364 1651 stem  & in the cellular tissue of the
171 1625 1282 1755 testa of the seed! I fear that
109 1736 1364 1868 Baillon will come down on all this
184 1830 1457 1982 We spent the qreater part of Monday
116 1920 1364 2064 at the Jardin -- where I found about
468 2038 813 2065 of Madagascar
113 2028 1305 2197 18 Palms, but not in a state fit for
129 2132 1298 2277 description -- We also called on
131 2286 1337 2333 Cornu & Van Tieghem & saw both
