1404 2159
866 105 1193 215 Sept 05
1001 229 1207 304 THE CAMP.
974 321 1238 384 SUNNINCDALE.
253 529 702 681 My dear Dyer
479 691 1278 777 I think that enclosed
184 811 1182 898 is the best for the purpose in view,
208 908 1289 1006 though the back views are the more
236 1009 1182 1107 enticing. Many thanks for the
240 1108 1188 1187 others which I have passed on to
229 1213 1294 1290 Lady H to have bound in with her
234 1311 842 1431 copy of my father's Life.
391 1417 1234 1528 I find among the Herb. Calcutta
222 1527 1309 1652 Balsams a set of Forbes, Sumatran
227 1626 1263 1729 &c. The species are vile, & have
236 1726 1288 1832 given me truly a week's labour, all the
233 1827 1179 1935 more for being cemented on the
239 1917 1338 1996 sheets & strapped down as if they were
255 2003 1264 2096 fugitives. The localities are quite
