1378 2256
55 31 1248 178 B. A.- I wonder at Lane Fox
125 167 1316 310 What you tell me respecting the
51 285 1280 427 Heveas is most disheartening.
98 379 1327 518 All I can hope for is that if they
72 488 1317 625 are killed, it may bring about
111 593 1345 731 a better state of things as regards
244 687 586 773 pernaiial
115 705 1316 840 the financial relations of the I. O. & Kew.
145 815 1262 954 -that subject must soon
70 885 1294 1065 be grappled with -- but for a row
104 1013 1303 1176 with Markham, the best thing
111 1157 1325 1292 would be an official repre-
92 1261 1342 1408 representation from Kew, approved
130 1390 1278 1495 by Strachey . whose scientific
192 1598 1362 1737 I am not surprized at Thwaite's
130 1534 1346 1605 position Ld Salisbury acknowledges.
63 1691 1310 1861 not quite liking the job.- he is
121 1807 1273 1990 getting old & as the "Times" says
123 1948 1321 2103 of dizzy it age brings experience
156 2055 1313 2169 but with it the reluctance to
