1342 2194
857 201 1275 239 Craigflower
828 293 1114 445 Aug 20
1119 378 1190 397 78
107 530 521 693 Dear Dyer
261 655 1279 817 Thanks for yours of yesterday
61 788 1180 916 1. I hope the I.O. letter about
104 896 1185 997 the I. Mus. collections will
132 998 1195 1097 be sent on to us at once &
122 1100 1223 1200 we must enforce our terms.
165 1190 1245 1315 The sterile tract to the east
135 1304 1190 1447 avenue I thought of: my
157 1390 1210 1557 chief objection was, that it
156 1534 1232 1630 was rather too near a main
169 1635 1124 1763 path & wou the Gallery
160 1741 1270 1866 would be made a rest house
152 1852 1171 2006 of in a greater degree than
215 1988 1197 2099 we should like I should
