1420 2154
919 14 1112 112 by boat
107 173 1220 304 day, Saturday, weather gloomy &
123 114 1290 162 and so back to Muckross next
118 253 1307 359 a little rain at night & after
123 356 1167 484 debating between Glengariff &
105 454 1209 564 Cork decided on the latter, arriving
134 624 1272 742 Queenstown in afternoon & car to
141 579 1230 632 about midday. Took tram to
139 705 1338 849 Gumbletons -- found him in his
117 811 1163 926 Garden; & after an enthusiastic
990 859 1348 948 to see garden at
166 887 1222 1001 hours went with him next
133 977 1309 1109 property, Mr Bagwell's (formerly M.P.
147 1076 1316 1213 for somewhere in Tipperary) where I now
163 1195 1235 1260 write. At Mr Bagwell's the
139 1230 1272 1362 inevitable rivalry for our persons
476 1249 604 1274 Irish
140 1309 1229 1442 took place & we settled it by
135 1402 1127 1556 accepting Mr & Mrs Bagwells
122 1463 1238 1618 invitation for two days beginning
151 1537 1245 1718 Sunday mg & returning for the
136 1632 1290 1792 night to Cork. At Cork I found
119 1735 1322 1861 the Brady who went to Morocco
139 1837 1319 1971 & Liversidge Prof of Geology at
134 1951 672 2084 Sydney N. S. W.
