1548 2428
106 384 1444 497 at the 1812 Exhibition & rather liked it.
121 477 1454 632 I am glad that you saw the German school
113 579 1419 694 as I have thought of it for Reggie -- i.e. if
131 667 722 794 it takes lads as old.
158 710 1416 873 We shall be delighted to send plants to
123 857 358 965 de Berg.
201 885 1394 1066 I suddenly met Max Leichtlin at the
101 1012 1398 1156 K. B. Station, I was emerging from the stairs as
148 1120 1396 1236 he was going down & in my hurry I did
133 1181 1346 1324 not recognise him though he shook me
125 1256 1409 1394 cordially by the hand. He is one of the angels
131 1348 1421 1496 that I entertained "unawares" years ago & he
138 1439 737 1562 has never forgotten it.
171 1537 990 1664 I shall shift Xanthoceras.
105 1601 1441 1704 See Lavalle's by all means but you will not
111 1684 1344 1787 be much taken with his Garden I fear --
118 1785 1388 1868 he evidently never had (ie growing well)
153 1852 1469 1983 half the things in his Catalogue, & of them
133 1923 1439 2030 again half were killed in 1880 -1 -- he is
145 1996 1304 2143 a perfect gentlemen -- you would see a
125 2086 1456 2198 French country house & get regally entertained.
116 2181 1258 2264 Madam L. would welcome Harriet --
231 2181 1437 2326 There is no news here. Mitford has
111 2333 1406 2370 been out with Lessels bringing a plan for
