1495 2438
70 242 127 312 is
153 -15 652 239 The omission of
839 75 1479 226 Peacock's succulent
175 215 618 340 unaccountable.
947 196 1446 310 I know that
104 301 585 404 it was over &
889 287 1382 405 over again on
117 362 456 509 My mind.
159 457 1408 619 I hope that my memo on Board's
84 552 1304 700 letter concerning Wilkie will be
98 646 1459 760 effective -- really Mitford seems to
129 741 1424 909 be forgetting his work. Both
118 832 1500 1004 Hernt Potter & Lessels agreed that
139 936 1500 1111 it was impossible for the C of the W.
138 1065 1454 1213 to be Foreman under any circum
104 1168 1455 1269 =stances whatever. Mitford seems
128 1254 1369 1431 to have forgotten all about it!
281 1375 1330 1542 I am vy much obliged for
135 1504 1428 1613 the letter about Ceylon Forests
131 1618 1320 1781 which is at that could be
163 1716 1420 1904 desired -- I have sent it on.
252 1857 1420 1989 Cooke's dealing in Fungi must
120 1955 1372 2106 not disturb us. If he is to have
141 2035 1438 2210 3 days a week he may do what
132 2177 1466 2310 he likes in them. I quite agree with
206 2273 1242 2404 all you say on that head.
