1382 2204
106 92 244 217 time.
101 189 1301 328 I shall go up & down to Sunningdale
80 329 1267 451 whilst Reggie & Grace are there
124 460 1182 561 before home, spending the day
128 552 412 668 at Kew
246 661 1191 792 The Foresty exhibition is on
128 755 1271 893 the whole as good as I expected,
97 878 1195 1035 the Japanese is most interesting
149 977 1130 1125 & far the best, Indian is
180 1103 1106 1227 heterogeneous, Guiana,
174 1200 1140 1340 very rich but not ticketed
304 1291 1249 1429 I find a due sense amongst
135 1392 1157 1568 the Juries of the necessity of
144 1519 1230 1660 scientfic ticketing -- we make
132 1621 1267 1772 it a prominent feature of of
214 1728 616 1842 the Reports.
194 1852 1140 2004 The Doctoring was really
165 1973 1187 2077 an imposing affair --  I never
