1428 2158
204 284 1238 393 the procession passing us at little
168 418 1152 486 more than hand-shake distance:
186 526 1198 597 but the weather was so gloomy &
198 632 1233 729 the windows of the abbey so blocked,
189 749 1295 825 that the diamonds did not sparkle.
203 853 1174 944 The variety of costumes was very
195 940 1291 1059 striking, their gorgeousness was depressing --
187 1067 1271 1165 The Lords Peers' coronets the most hideous
186 1156 1205 1247 head-gear conceivable. & the caps
237 1268 1305 1368 of maintenance little better, the crowns
216 1378 1217 1479 were very becoming -- though the jewels
227 1470 1199 1581 did not scintillate, for want of light
199 1583 1272 1712 of course we saw nothing of the ceremony,
185 1686 1242 1788 the "Theatre" being crammed with
165 1784 1126 1900 the nobility &c &c The cheering was both
175 1886 1192 1978 hearty and solemn:- vy effective. My
177 1975 1261 2063 blue mantle was a horrid nuisance,
