1533 2426
135 90 1421 256 Thaustor has sent back over two cases
149 220 1146 344 full of Palms in capital order
160 365 1424 396 that idiot Muelle (he really is little
987 387 1186 460 a Wards'
116 500 1324 603 Andersonias (blue fw. Epacrid) from
117 465 1482 494 better than a lunatic) sends case of 3
467 579 1022 652 through a collector there,
96 649 1498 688 W. Australia -- which he expects will arrive
122 719 1345 768 in full flower & hopes I will at once
133 759 1418 892 figure them in 3 consecutive numbers
152 863 1416 996 of the magazine! Of course they arrive
86 946 1468 1049 stark dead, though beautifully packed,
99 1049 1067 1174 & the case in excellent order.
259 1129 1386 1262 I have had further correspondence
61 1229 1447 1336 with Maw about the Rock garden, & have
114 1305 1426 1423 told him what I think, but that
99 1438 1404 1521 he had better send in his memorial
104 1514 1433 1613 on his & his cosignees responsibility &
130 1604 1459 1763 let us see what the Board say -- I have
123 1699 1437 1862 told him that Barkhouse's settled me
140 1803 1364 1948 against a "Rock garden" par excellence
157 1912 1350 2045 but that I was for any amount of
166 2009 1129 2137 rock gardening at Kew.
1030 2092 1091 2138 in
341 2097 1393 2220 Smith seems happy at Cornwall
71 2190 1369 2282 & comes back on the 8th he need not
162 2335 1361 2372 as far as I am concerned, for I get on
