1381 2155
579 50 1172 220 Skye Sept 21./76.
134 300 570 461 My dear Dyer
276 438 1285 558 I hope you do not think that
94 554 1328 642 I am never more to appear at Kew:
101 642 1197 755 the fact is that the exceptionally
114 713 1327 843 fine weather in this most fickle
129 826 1246 938 of climates has tempted me to
95 914 1319 1029 make all the use I can of the opportunity
80 1004 1302 1118 it affords of seeing a country which
90 1083 1280 1182 is not much worth two visits (if
88 1160 1303 1290 one!).  Much as I had heard of 'Skye
81 1256 1214 1340 the inaccessible' I expected great
81 1338 1261 1461 things & though perhaps I have
89 1426 1241 1545 no right to be disappointed (seeing
86 1544 1274 1627 how incredulous I am of descriptions
127 1606 1282 1737 of scenery) yet I am so. The island
122 1694 1212 1790 is a huge bog with the exception
391 1763 540 1827 main
102 1791 1270 1920 of its few points of interest which
103 1869 1275 2022 consist of two specks on its surface
124 1992 1308 2119 characterised by very remarkable rock
