1385 2151
555 160 798 236 RIDGEMOUNT.
591 218 759 278 BASSET.
540 269 824 326 SOUTHAMPTON.
527 392 697 462 myself
57 348 1125 415 me across the table if what I
91 408 1230 548 intended to do, I answered to
97 498 1299 660 get it supplemented by private
109 619 1297 714 & public means -- he asked if
100 694 1273 848 I would aid it myself, I am
99 821 1284 955 said yes -- when he immediately
142 905 1257 1053 wrote £10 on a slip of paper
147 1002 1272 1125 & handed it to me as his
135 1179 1212 1291 subscription. This I shall
149 1158 1191 1183 contribution to a private
135 1279 1227 1438 follow up though I look to
567 1366 747 1438 more
151 1380 1282 1535 the R. S. for substantial help.
111 1496 1257 1619 I made much of Aitchison being
109 1594 1281 1718 a volunteer. I mand must go
103 1676 1281 1828 to Strachey about that. I think
103 1791 1297 1917 that the Naturalist & staff must
103 1866 1213 2032 be quite independent of the
94 1960 1278 2128 Geograph. Staff & self supporting
