1556 2469
1343 7 1501 127 108
162 86 1398 227 As to Macoun's Canada plants
136 189 1341 354 I do suppose they are identical
187 305 1152 445 with what he sent us.
323 394 1499 594 I am busy with the Report, it
99 532 1374 697 is a glorious doament. As to
162 629 1513 804 Peacock's succulents. I do wish that
167 726 1431 897 P. would build an annex to the
179 835 1464 1004 Succulent House for them. Binder
161 943 1405 1101 says that the Australian plants
165 1074 1374 1203 have gone back since they left
174 1181 1458 1315 the Octagon, & Smith backs him,
161 1261 1460 1449 on account of the irrepressible drip
185 1377 1416 1515 on the shelves of the centre building.
188 1494 1459 1616 Now I think I have exhausted
138 1594 1472 1732 our affairs for the present. If my
169 1670 1415 1826 memo about Wilkie &c does not
199 1757 1433 1899 Answer its purpose I must write
156 1870 1369 2043 Mitford myself first a private
193 1972 1417 2138 note, telling him that I will
185 2060 1435 2213 not take responsibility for either
194 2163 1407 2299 SSmith or the Garden in the matter
218 2260 714 2405 of building &c
779 2256 1498 2433 for that it is a matter
