1346 2155
140 101 1095 228 plan of one, however rough.
235 229 1197 309 I spent several hours with
132 322 1162 453 Strachey last Monday; he is
149 443 1229 551 much better, but far from well,
145 558 1211 669 & desponding- he is up & about,
135 648 526 762 but feeble.
199 750 1265 863 I had a talk with him about
68 869 1286 977 Blanford, for whom something ought
117 976 1218 1084 to be done in recognition of his
128 1071 1164 1177 services to India & to Science.
123 1169 1235 1303 Over & above his great labour in
137 1281 1205 1414 zoology & geology in India, Persia
131 1409 1184 1535 & Abyssinia, he is Editor & in
128 1528 1249 1668 great part author of 11 volumes
137 1646 1194 1773 of Indian zoology. If you agree
112 1749 1183 1878 I will urge his claim of a Royal
133 1857 1209 1981 Medal. I feel ashamed when
