1394 2210
1089 24 1223 157 56
836 233 1273 393 Aug 22/79.
129 457 508 588 Dear Dyer
323 577 1222 704 I am so glad that you
128 692 1179 821 have stuck to Trimen for
161 790 1309 901 Ceylon & Thwaites retirement.
166 907 1343 1036 I will have nothing to do with
186 993 1231 1146 sending out a 3 Asst. to
204 1115 1280 1232 Thwaites -- except such a are
183 1207 1332 1338 volunteers & the C.O. send him
199 1335 1303 1469 out on their sole responsibility.
400 1454 1221 1592 I am drafting for your
193 1545 1339 1657 revision an answer to Mitford's
206 1644 1311 1785 minute, & will send it tomorrow.
185 1770 1277 1908 the £200 must be unreservedly
218 1879 1250 2004 in our hands except in regard
190 1984 1288 2120 to what is given to Jackson &
