1652 2532
200 113 1506 152 impossible to do justice to Raphael's
135 157 1473 253 greater works. Of the pictures Raphaels
157 229 1606 369 Transfiguration I think quite the finest
155 321 1564 463 I ever saw, except some of the Venetian --
148 424 1593 575 upon the whole the whole Rome did not
162 509 1589 667 impress me with the power of paint as
144 594 1449 734 a vehicle for art, as Venice always
171 761 1578 944 with great frescoes, whose great merit,
163 731 1452 830 has , & I am rather disappointed
155 848 1519 1038 their luminisity luminosity, seems to
144 951 1420 1132 me to be obtained at the expense of
140 1032 1423 1202 vigor & force. As to the old Roman
154 1189 1579 1310 paintings of to which you allude, their
151 1283 1599 1406 most marvellous freedom is  their great
131 1316 1545 1527 merit, with here & there of expression.
850 1316 1228 1438 singular power
162 1401 1514 1626 No doubt the old Greeks, who after all
176 1569 1474 1662 were the roman  artists of Rome, were
136 1606 1469 1768 as great in painting as in sculpture &
100 1707 1584 1882 it is hard to say when it began. We saw
135 1809 1446 1995 yesterday at Cortina, a slab of slate
144 1903 1525 2054 with the head of a muse painted
146 2008 1564 2163 on it in some unknown indestructible
120 2102 1512 2260 materal belonging to the Pelasgic or
164 2225 1587 2396 Etruscan period, which was of surpassing
141 2321 1550 2448 beauty, the rose tint the face perfectly
152 2415 1363 2500 preserved. It is unique & has nothing
