1544 2451
110 32 1392 211 was not my fault as you know
116 146 607 293 by this time.
92 311 1443 462 explaining my blunder in so doing.
172 256 1356 326 Yes I took the Camera, & wrote
96 404 1420 557 Strachey lent his Camera to Harriet
115 488 1397 621 & asked me to bring it -- I found
106 578 1376 720 this in the drawer where she was
131 669 1388 816 sitting & took for granted it was
123 760 1453 908 what Strachey wanted. It is all safe
104 850 1372 1002 at Boston. I hope that I have
115 951 980 1101 not inconvenienced you.
169 995 1398 1188 I cannot tell you how pleased I
114 1098 1389 1278 am to hear that you have had
117 1215 1396 1372 the wall carried out. I did not
138 1305 1366 1458 in the least expect it seeing the
134 1394 1438 1563 mood the 1s Comm. was in: & I felt
141 1500 1412 1656 much aggrieved at the thought
164 1559 1382 1753 of you being troubled. In fact I
136 1666 1468 1781 had been real down in the mouth
139 1750 1348 1916 about it, not daring to hope
135 1846 1445 2012 that you would succeed with the
111 1950 1147 2093 Board in getting it continued.
142 1965 1468 2168 I do not wonder that you quake at
1135 2088 1386 2203 must
90 2116 1137 2253 Smiths absence -- but we
80 2173 1334 2313 remember how he quaked at
90 2252 1385 2416 my much longer absences, & how
