1529 2426
996 188 1335 323 Oct 3/82
171 463 616 627 My dear Dyer
421 520 1304 668 I have just received your
77 635 1325 772 splendid long letter so full of interesting
110 677 1437 873 news, for which I have nothing but snippets
147 826 489 917 to return.
189 838 1363 1004 The weather has been very fair indeed
156 930 1302 1080 with us not more than 2 or 3 rainy
194 1024 1299 1166 days in all I think since you left,
179 1110 1319 1263 a few showers being taken for granted.
234 1192 1327 1340 The accunt we had of the railway
204 1253 1388 1436 accident tallies with yours -- with the
219 1352 1383 1490 addition that the train was leaving
237 1421 1383 1574 down hill with an engine not half
224 1526 1353 1668 heavy enought for the weight behind
227 1615 975 1765 & was rounding a curve.
244 1684 1319 1855 Yes I know Frijberg, & thought it a
227 1758 1411 1936 very naive old town -- that is its bye
221 1847 1332 2012 ways where are many odd pieces of
211 1980 586 2076 old houses.
240 2007 1345 2168 The Titi sea I never saw & thought
194 2104 1368 2277 the B.F. rather dificient in water &
219 2224 1388 2374 remember seeing one of their volkes trains
