1396 2142
82 35 1316 152 cliffs & were strewed over ledges &
87 142 1268 231 were so poised on sloping cliffs that
602 187 996 244 you saw them
71 202 1333 324 you would fancy they were sliding down
79 290 1286 407 being held in position by the exceedingly
90 395 1347 492 rough surface of the rock, the hypersthene
87 461 1285 562 cristels of which project from its surface
95 548 1237 633 like studs on a boot heel, & render
84 631 1246 757 it  easy & safe to move along slopes of
80 741 1320 810 30o & upwards, without ever a suspicion
79 797 1281 927 of slipping. The walk back from our
70 882 1227 1003 elevated position & along the dreary
83 966 1225 1077 valley was a terrible fatigue & we
69 1067 1295 1129 did not get to the Sligachan Hotel till
53 1132 1264 1209 near 8 PM.  Except for about 4 miles
99 1235 1308 1348 of a pony-back, Mrs Hooker walked &
1067 1299 1138 1349 we
99 1316 1289 1399 climbed it all, & bad as it was much
91 1387 1228 1493 preferred it to the bog trot that we had
79 1459 1035 1570 to the Storr on the previous trip.
105 1554 1243 1687 The Geology of the Island is most-
34 1638 1219 1777 interesting, but not objectiory so
62 1729 1250 1827 it must have taken much time
72 1819 1174 1906 patience experience & knowledge
52 1877 1244 2010 to have recognised the Miocene,
60 1965 1010 2080 Lias, & lower beds that are
1085 2012 1246 2100 here
