1400 2191
79 205 1197 367 Stracheys name with mine -- he
103 360 1297 464 having been at work exploring the W. end
125 444 1234 566 of the Himalayas whist whilst I was
128 538 1320 679 exploring the E. just half a century
152 694 348 766 ago.
236 789 1195 895 I am disappointed at not
105 906 1285 1013 seeing your name in the list, which I
186 1016 1141 1148 quite expected to do -- this only
146 1142 1312 1248 delayed, that is very sure, & will in
141 1256 798 1361 my day I feel very sure.
235 1359 1181 1487 I was writing to Harriet when
137 1482 1269 1585 your letter came -- or rather inditing my
173 1582 1256 1669 epistle I should say -- I inclose it with
187 1674 445 1796 my love.
295 1754 1247 1852 I've had a wonderful day at
97 1844 1205 1962 Windsor, Eton & Slough, which will
146 1949 1316 2042 keep till we meet at the Naval
