1587 2512
96 125 1391 172 them), they quite came up to my came up to my
124 219 1369 273 high expectations. The methods of
116 199 1400 406 rearing fish, Molluscs & ascidians
137 407 1512 462 particularly interested me,  they seemed
169 441 1469 573 quite perfect & he told me that
121 546 1437 694 they daily discovered new devices for
137 630 1540 788 deceiving the animals into pursung
135 738 1414 891 their natural habits. The Libary is
180 825 1341 957 very extensive one, & I looked at
952 934 1281 1016 published
156 987 1376 1038 several volumes of their records
162 1032 1540 1218 the ilustrations of which were peerless
148 1173 1420 1242 & the descriptive matter very full
1023 1220 1185 1290 the
130 1271 1501 1332 including a resume of important
126 1297 1489 1453 publications of all countries which
91 1446 1487 1569 must be most useful to students.
105 1521 1453 1679 He is more concerned at having no
100 1671 1456 1732 support from America than at the
116 1718 1512 1878 little he gets from England, for which
125 1821 1515 1978 little however he expressed himself
121 1917 1535 2074 most gratefull. Oddly enrough I met
89 2026 1519 2222 at the table of the Hotel I was staying
98 2120 1443 2296 at an American Lady who I had
94 2236 1483 2380 seen dissecting a centipede at Salem
131 2389 1468 2458 (Mass.) & who was about to take a
