1556 2426
105 52 1363 210 From Pisa we came on here along the
116 151 1356 294 Coast line which is flat throughout &
133 235 1437 378 often marshy -- a most thinly populated
126 321 1286 499 though widely cultivated counity -- I
136 414 1457 596 was very much struck with the absence of
725 512 1030 582 all the way
136 522 1359 659 rivers or even streams, between the
148 587 1423 765 Arno & the Tiber. It looked as if the
181 692 1474 860 county had been recently raised from
182 861 1504 906 the sea, & that the waters had not had
183 888 1506 1043 time to collect themselves into definite
100 960 1120 1063 yet there were hills all along to the east.
141 1078 1328 1213 cold moonlight, & leave tomorrow
195 1047 1411 1096 channels. We arrived  by bright
183 1171 1509 1309 for Castellamare. Hotel Qui-si-sana -
195 1261 1268 1401 where we shall be off & on for a
225 1339 1378 1469 fortnight doing Naples & all the
191 1442 1472 1571 neighbourhood from thence -- we shall
193 1534 1531 1715 return to Rome by the 4th April, before
205 1645 1472 1747 which I shall write again. We have
210 1742 1506 1905 just caught Miss (Mary) Symonds & her
213 1838 1414 2005 brother here, they leave tomorrow for
225 1943 566 2051 the North.
263 2006 1426 2175 I am very much struck with the
173 2110 1496 2231 scantyness of the population in all central
193 2204 1456 2304 Italy that we traversed -- we could see
214 2343 1463 2372 very small & very scattered villagers villagers in the
