1540 2445
79 56 1382 204 into California & has helped me
68 152 1521 315 with some good details as to the distribution
96 271 1469 388 of the Pines &c. It is a good comfort to
88 361 1455 467 find that Gray & I are at one with
84 447 1414 579 all the experienced ones as to the
82 549 1486 700 limits (specific) of the Pines, so horribly
98 702 1398 751 muddled by nurserymen & their
72 739 341 873 collectors.
115 795 1467 961 I am quite thrown out by the taking
87 920 1487 1060 off of the Steamer of the 29th & fear that
66 1012 1383 1143 I shall have to stay at Boston till
375 1102 565 1168 return
67 1118 1361 1255 the 6th as my ticket is only good for
77 1205 1384 1353 that boat, & I have no chance of a
137 1283 383 1355 to myself
73 1304 1473 1453 cabin (for which I should have to pay)
72 1403 1350 1517 & the intermediate boat (Wednesday
1333 1464 1361 1521 s
71 1486 1456 1613 from New York, I hope that this will
63 1581 1367 1714 not throw you & dear Harriet out)
65 1673 1443 1798 you & she cannot be more anxious to
13 1744 229 1810 sea me
82 1755 1522 1915 be home than I am to be there -- for
64 1851 1432 1971 the first time in my long life I look
80 1925 1340 2037 with pleasure to the ending of a
91 2014 1414 2154 foreign journey & as it is the delay in
81 2146 1161 2177 Boston will enable me to name
1282 2158 1375 2184 my
689 2130 1431 2239 for which Oliver will be thankful
85 2221 1373 2256 collections in Herb. Gray & get on with
42 2286 1357 2328 Gray & my Report. &I hope too write
77 2361 1404 2396 something for my R. S. Address which
