1601 2487
134 0 1595 169 engraving & Panini's paintings (which
95 145 1526 288 one sees more of at home than at Rome,
86 223 1511 398 that they produce no new impression or
108 350 1506 486 rather they diminsh that we formed
125 449 1493 605 from these masters. We were charmed
1176 562 1402 629 circular
80 542 1444 704 with Tivoli & Albano, the old crater
97 635 1547 806 Lake of which is very interesting -- I made
54 759 1515 901 a point of going to "Tre Fortane" the Trappist
342 845 754 927 in the Campania
87 849 1524 1024 convent cured of fever by Eucalyptus!!! The
115 934 1552 1104 fact is that it was inhabited by a few most
329 1020 962 1117 who died off like flies.
108 1031 1530 1202 lazy monks -- these were succeeded by the
97 1128 1554 1333 Trappists who anon brought 500 acres under
114 1272 1463 1379 cultivation of all sorts including a few
239 1322 1443 1427 now multiplied by thousand or more seedlings
119 1368 1491 1479 Eucalyptus -- of course the Sanitary state of
1081 1446 1415 1550 nevertheless
69 1398 1571 1614 the locality improved at once, but no fewer
731 1517 798 1569 there
73 1515 1549 1712 than 3 died of fever last year the govt. allowed
73 1582 1524 1785 a gang of 80 convicts & a guard of soldiers to
951 1718 1135 1791 together
48 1686 1521 1913 aid in the cultivation, & this, with a subsidy,
99 1766 1459 1973 depends for its continuance, on the fever
735 1900 1189 1993 Eucalypts planted
82 1893 1517 2046 being kept down & so of course the monks
93 1980 1549 2200 attribute all to the Gum trees which
101 2116 1592 2315 seem to me to have grown wretchedly compared
87 2152 1424 2343 to what one sees in the Riviera & I saw
61 2237 1467 2395 very little Eucalypts elsewhere & no good ones
562 2338 854 2416 Campania
105 2380 1257 2462 anywhere -- the Winters are too cold
