1533 2441
873 127 1064 257 Rome
863 216 1300 320 Hotel Italia.
844 301 1292 423 March 10/81.
125 535 982 647 Dearist Harriet & William,
358 621 1366 802 As the seeing Rome is an
165 728 1387 918 event in one's life, I think I must
196 917 1435 956 celebrate my arrival here by writing
185 969 1400 1122 to you though I have seen nothing
163 1071 1366 1201 as yet, but walls, ruins & a lovely
155 1196 1392 1316 view from the Pincian hill (on which
150 1260 1438 1442 our Hotel is situated). My first observ--
157 1372 1428 1532 vatiion is on the climate, it is horrid
127 1479 1451 1621 & a brilliant sky & sun & a wind that
36 1613 1406 1678 both stings & powders with dust. Deceived
173 1649 1423 1839 by the glare of the sun I went out before
153 1781 1384 1947 breakfast without a coat, & am now
147 1873 1468 2033 sneezing in consequence. However I have
160 1993 1387 2152 as yet nothing worth telling you about
165 2099 1392 2247 Rome, & so shall work back a little
152 2196 1318 2346 in our Journay. We spent 4 days in
164 2353 1350 2390 Paris, dining on Monday with the Levalier
