1602 2475
134 116 1188 285 of the Brit Mus I expect.
777 207 982 313 sent
252 305 1453 346 The estimates are in &I hope
186 352 1418 520 we shall get the advance
554 466 760 530 men.
209 449 1384 638 the Herb. A Bailiff of the
196 602 1398 737 Parks has been appointed
191 691 1394 841 in the shape of a 1/2 pay officer of
172 796 1366 948 R.E.- who has been a road
239 886 1497 1054 surveyor in Yorkshire. He is to
216 1017 1488 1165 have some £4-500 -- & I think
237 1163 1524 1298 has £1200 a year of his own.
210 1240 1479 1382 The appt is said to be Mitford's
187 1359 1528 1532 making! Callender disapproves of it.
240 1478 1410 1644 Humphrey's has been making
243 1579 1424 1732 tender enquiries after you. I
197 1679 1455 1843 have told him that you may
165 1790 1391 1960 be back about 22nd, but
158 1931 1436 2096 pray do not let this hurry you
135 2017 1500 2192 but stay on:-- he wants you for
213 2105 1032 2280 some examination.
287 2211 1484 2419 Two seeds of Welwitschia have
