1438 2158
52 6 1307 139 differently, & I should do much that you
69 103 1286 200 would not like, & which could not be
81 185 1271 292 altered without a sacrifice of specimens
53 238 909 364 which you would shrink from.
98 290 1387 438 Nor do I see how you get over the difficulty
106 403 1278 520 of Flora Indica -- which will either occupy by
60 854 701 964 train, but very little.
100 878 1196 1041 Under all circumstances I believe my
63 972 1324 1097 duty to be to write to the Board stating what
1005 1036 1350 1097 establishment
68 1067 1305 1196 I believe, to be the requirements of the place
177 1167 314 1215 giving
76 1147 1199 1286 & stating my own views at to my own
56 1237 1284 1342 occupation in future, offering my retirement.
140 1308 1276 1424 As to your breaking away, it is impossible
42 1365 1258 1508 after the recognition of your services & the
69 1397 1365 1547 position & influence accorded to you by the Board,
548 1573 709 1650 having
82 1537 1367 1599 Treasury,I.O.,F.O., C.O & all foreign correspondents.
95 1585 380 1648 would be
87 1556 1308 1679 It is not a mere case of put your hand to the
77 1634 1249 1753 plough & turning back, but desertion of the
84 1718 1336 1816 most complete satisfactory useful & popular
73 1777 1345 1871 scientific department of Govt. Though I wish to
61 1837 1318 1909 retire, it will not be without many regrets,
77 1880 1350 2000 & none greater than would attend the idea of
346 1940 566 1996 in time of
76 1953 715 2058 abandoning you need.
102 2041 1382 2086 My Camp home is very comfortable, far more so than
87 470 1284 586 far the best of my time & ability for the
437 543 906 622 or be abandoned
81 533 1297 672 rest of my life As to living at the Camp I
60 617 1123 740 am in just the same predicament, as
64 670 1316 785 Bentham was, I have 12' drive to the station;
55 749 1244 891 he had 20' & I have rather longer in the
