1342 2196
500 49 884 168 Edinburgh
560 138 902 313 Aug 1/84
85 493 556 650 My dear Dyer
333 648 1134 810 I have had a very hard
81 772 1168 916 5 days of it as you may suppose
104 891 1098 1011 with my work, Lawyers, my
134 992 1163 1095 sister & the duties of Society in
119 1065 1183 1195 a friend's house; but I have got
134 1183 1140 1319 through, shall sign the Report of
134 1294 1195 1420 my Juries (as Chairman) at the
142 1385 1166 1532 railway station tomorrow, & get
127 1516 875 1656 to Kew by night fall
222 1634 1190 1776 I am very sorry to hear of the
129 1748 1178 1861 Jecur being enlarged, I hope it
108 1874 1168 1974 will not be a troublesome case
127 1975 1118 2086 but I know it will take
