1359 2224
90 85 1113 203 he was to take the next
90 193 1302 341 train for Chippenham -- I thought
87 327 1136 441 he looked in a very critical
155 420 1211 517 state. Scarlet with watery
114 517 1265 655 eyes & complaing of suppressed
121 623 1320 767 gout. I am very anxious about
115 722 1271 852 him -- I shall go over tomorrow
108 861 692 1008 or the day after
102 939 1175 1071 P.P. S. This was too late for
87 1038 1290 1186 yesterdays post -- we have to dy
1253 1102 1307 1159 y
122 1108 1239 1261 been over to Hodgson's & found
109 1227 1149 1367 him remarkably well but
103 1317 1253 1471 complaining of suppressed gout
133 1446 587 1551 in the head.
