1543 2451
138 56 1434 185 but have not nearly so varied
927 201 1302 282 arboreous
126 205 613 299 or grand an
531 262 612 317 as
959 257 1527 384 The tree vegetation
132 283 939 405 vegetation. The as the Nevada.
265 361 454 429 Sierra
79 360 1511 520 of the Nevada is indeed unrivalled
107 439 1506 588 for a temperate, climate, especially
98 505 1505 685 (indeed almost entirely) due to the
102 629 1499 782 magnificence of the conifers which
118 733 1340 880 far exceeded my imagination in
110 820 1315 993 statelyness & bulk though I cannot
98 893 1478 1085 call them beautiful, & feel sure that
123 1009 1502 1153 as ornamental features they will be
127 1131 892 1278 utter failures & worse.
196 1203 1482 1376 Your letter has been a great pleasure
116 1305 1473 1444 to me. I thank you especially for your
139 1391 1504 1549 interest in Charlie in respect of whose
132 1466 1497 1642 future I intensely agree with you. I did
132 1605 1514 1721 hope that I should have interested
141 1692 1431 1819 him in some higher branch of his
114 1763 1425 1886 profession -- or at least in the theory of
109 1832 1442 2000 it. I so keenly feel the deficiencies of
94 1932 1515 2082 my own early education & fancy (perhaps
113 2035 1431 2164 quite wrongly) that if I had had
117 2115 1504 2248 the advantages that modern thought
127 2218 1276 2323 & education has extended to
87 2255 1498 2410 Medicine & Surgery, I should have been
