1529 2427
58 59 1362 230 referred to a Committee of Experts.
86 138 1456 295 I cannot understand Board going
92 253 1473 429 in for nothing but Rivers untried
98 359 1444 497 Boilers. I advocated 4 improved
118 469 1371 590 saddles &  2 accessories which
113 574 751 721 might be Rivers
137 710 1467 780 I quite expected that the F.C. would
86 775 1421 902 would advocate a reduced height of wall
92 870 1458 1019 & did all I could to prevent it,
112 971 1486 1119 I do hope that you have carried
94 1081 1405 1221 the point of going on with the
120 1206 1467 1389 wall out of the money voted for
95 1304 1446 1446 painting the Fern house. The F.C.
103 1416 1317 1554 was convinced that the wall
118 1531 1495 1674 must be heightened. -- If the Board
119 1620 1436 1773 give the Kewites the victory (real
106 1725 1496 1877 or apparent) in this matter, I must
103 1839 1449 2019 remonstrate even more vigorously.
103 1926 1458 2086 Their reports & remontrances were
121 2036 1432 2207 most unfair to me & false. By
124 2143 1486 2279 rights I should have been present
119 2242 1485 2382 at the deputation to have defended
