1446 2154
98 69 1256 150 us to other Gardens about Cork. &
109 147 1201 215 tomorrow we return to Dublin --
102 214 1316 287 see the Glassnevin & Powerscourt & so
113 309 1385 383 to Pendock on Friday or Saturday I hope.
202 341 1172 457 In Cork we met the 2 Miss
81 438 1406 554 Townsends with an Uncle who turned out
95 537 1311 674 to be an Uncle of Gumbletons too!.
112 618 1311 753 Miss T. is very anxious to hear from
131 700 1269 815 Harriet to whom she sends her
133 809 294 911 love.
177 872 1293 1000 I fear that you can hardly read the
90 958 1289 1077 above pen & ink atrocious & no room
123 1056 588 1145 for my elbows
151 1116 1282 1239 These Bagwells are very accomplished
120 1225 1236 1342 & agreeable people. They rarely leave
105 1311 1151 1388 Ireland now. Mr B. is an ardent
106 1380 1339 1469 Horticulturalist with far better taste & Mrs
112 1448 1326 1541 B. with more knowledge than Gumbleton
112 1529 1258 1631 a great deal, Their gardens are most
118 1601 1221 1735 lovely such a profusion of herbaceous
119 1667 1351 1801 things in beds backed by shrubs, besides
124 1743 1119 1890 glorious Fuchsias Escallonias etc.
179 1827 1348 1935 With best love to Harriet from both
205 1916 1218 2015 us & kindest regards to family.
514 1982 1044 2106 Eer affection Yr
1099 1984 1355 2107 JD Hooker
