1318 2206
62 77 1215 260 is) I am at my wits end what
113 232 1258 338 to do.-- he certainly attends better
78 344 1251 468 to the grounds than any predecessor
115 421 1245 544 but as for No 2 it is awful.
207 555 1168 675 I get a great deal of good
94 647 1178 805 work out of Truelove by daily
102 758 1121 875 supervision; but he is far
1136 758 1224 872 off
75 856 1130 983 & 2 trips a day to the woods
77 930 1195 1080 takes up a great deal of time.
160 1087 1212 1221 Smith has had a very bad
78 1199 1173 1336 attack of siatica that quite
100 1296 1211 1430 disabled him, but is better &
94 1418 1202 1499 he has been more active since.
188 1495 1206 1635 The Museums progress but the
71 1604 1249 1733 stair--case in No 1 is a horrid failure
22 1708 1206 1848 for its going up the wrong way (as you
116 1816 575 1920 pointed out.)
624 1896 1208 1996 correspondence from
54 1902 588 1995 There is a heap of
24 1966 1040 2082 the G.O. about Prestoe's Clerk -- I
222 2080 449 2163 settled
602 2076 727 2173 counselling
74 2091 206 2205 have
1058 2074 1137 2167 Ld Kimberly
