1357 2205
704 42 1188 180 Morton Hall
801 180 1257 343 April 13/82
100 477 428 645 Dear Dyer
382 574 1170 713 Thanks for your two
114 718 759 811 letters & enclosures.
204 794 1208 904 Lessells action is a pure piece
108 883 1300 1024 of Mischief making -- I never expected
117 997 1256 1115 or wished to see Fergusson's plan
132 1081 1188 1217 of the Vestibule; what I did
123 1182 1241 1289 & do blame Lessells for is, his
117 1284 1292 1416 authorizing the contractors to proceed
135 1382 1226 1513 with it without informing me.
134 1482 1110 1617 I never directly or indirectly
612 1571 1052 1641 or used his name.
122 1605 1158 1696 alluded to & Fergusson in the
143 1681 1299 1812 matter. It is most amazing that
141 1813 1226 1925 we should be subjected to such
141 1910 803 2021 a mans insolence.
245 1990 1254 2110 I am now writing to F. about
