1544 2439
94 30 1451 161 & pick up macrocystis on it's shores, a
64 132 1455 250 plant I had not seen for 35 years & which
78 185 1493 304 brought back a host of memories of perils
74 270 1456 411 by sea shores with messmates long since
101 341 1441 484 gathered to their fathers. Also I found
99 424 1426 583 to day for the first time Nereocystis, a
80 515 1439 639 magnificent algae I had long hoped to
99 582 1340 707 see "in the parenchyma". -- The sandy
78 649 1370 771 sea banks were clothed with Fragrans
341 745 557 811 Bahia,
89 723 1437 862 Chilensis, a Baccharis, Tanacetum & a
93 832 1398 952 Tree Lupin (ie bush Lupin) with yellow
89 908 1388 1031 flowers & a Franseria, & in rocky places
73 975 1374 1130 the enormous roots of Megarhiza with
74 1055 1374 1207 great prostrate woody branches (foliage
65 1147 1416 1297 all burnt up). I have a great lot of cones
67 1222 1332 1381 &c & am enquiring for Mr Lister Young's
80 1317 1356 1469 agents to send them home by one
799 1404 1454 1546 (who thank for this letter)
86 1453 521 1584 of his ships.
138 1486 1436 1644 I hope to write from this to Willy &
68 1584 1486 1723 Mr Smith -- With much love to Harriet,
101 1672 1426 1817 & Charlie & many congratulations on
167 1771 321 1845 latter
98 1754 1412 1912 the having passed the college -- I wish he
79 1867 862 1992 had written to me. --
423 1864 1013 2066 Ever affecty ys
889 1996 1372 2186 Jos D Hooker
