1353 2198
59 38 1314 177 things inumerable -- great masses of Vaccinium
61 145 1282 239 myrtilus now coloring gloriously. -- Arbuti &
81 180 1217 310 Pernetyas with a number of rarer things
88 277 1212 382 here & there. But above all Polygonum
80 344 1299 455 affini (alias Brunonis) covers patches 20 to
61 425 1220 514 40 yards square with the most brilliant
80 485 1253 600 scarlet from the coloring of its leaves -- Berberis
108 560 1206 636 purple & green, Cornel & other deciduous
89 621 1215 699 shrubs all help to make up a scene
89 674 1262 774 more fit for the stage than a Northumberland
97 735 1279 832 moor. Sir W propagates these heaths by the
88 796 1234 901 million -- for several years past he has
122 865 1279 988 planted annually 650000 plants of sorts,
95 949 1243 1059 & he offers us any quantity from his very
89 1023 1240 1117 extensive nurseries. I am sure you will
88 1085 1220 1212 be glad of a lot for your beds of colored
73 1146 1184 1270 shrubs & I have offered to exchange
91 1234 1267 1329 with him for the purpose, & that his
89 1318 1163 1450 Gardner, a very superior quiet man
81 1385 1268 1489 should come to Kew & select from our
81 1486 1240 1578 Cultivat. nursery. Just round the house
99 1539 1273 1645 which stands some 200 ft from above the
130 1606 1221 1720 Gorge, is 100ft of rock-work, covered
102 1678 1206 1775 with a profusion of smaller rock plants
86 1740 1149 1858 which literally caulk the interstices
88 1792 1245 1923 every where in a reticulated pattern. Many
138 1884 1273 2013 interesting plants are growing here: quite
91 1941 1279 2044 wild & what is odd to me is that there
81 2034 1193 2116 appear no weeds -- no grass , or groundsel.
94 2131 1272 2164 The Gardener says weeds do not trouble here
