1394 2148
183 317 1169 424 the presence of Asiatic Laurineae
156 409 1142 532 var Canarius, which is the most
151 511 1123 621 inexplicable case of discontinuity
158 601 1184 735 known to me. If I remember aright
161 714 1174 819 the Canariri are congeneric with
169 810 822 890 the Indian Laurineae.
140 896 1075 1026 p12. Line 6, the whereabouts of
208 977 1235 1096 Gondwanaland are unknown to me.
119 1093 1182 1232 p.10 6 lines from the bottom "floras" for
282 1224 476 1321 flora.
184 1317 1164 1452 The news of Grace is good. Lady H.
164 1442 1267 1539 went to see her last Saturday & reports
160 1538 1195 1630 her health is improved. I want to
164 1639 1272 1753 know the accounts of lesions of the lung
157 1736 1171 1873 which Charlie might obtain from
163 1858 872 1962 the resident physician.
287 1948 1296 2063 My correspondence seems to grow
