1550 2426
918 80 1103 204 Paris
921 169 1286 312 March 8/81
120 457 456 591 Dear Dyer
379 559 1434 728 I forward the Herbarium donations
175 679 1422 830 done as well as I can without means
209 778 1458 945 of reference, it will require your critical
171 880 1406 1004 eye & Olivers revision. If you think I
167 993 1422 1109 have said too much of Munro, pray
193 1076 1474 1186 cut out: but I think it well that the
199 1186 1468 1281 Kew Report, now that it has assumed
183 1264 1420 1355 such important dimensions, should
161 1344 1257 1476 be a botanical recorder of such
185 1442 1447 1584 Eminent service as he rendered to
186 1533 418 1680 Botany.
193 1629 1358 1744 I wish I had brought a copy of the
167 1731 1414 1850 last Report which I intended to do, &
171 1833 1367 1943 I would have worked up the Kew
190 1991 1459 2022 publications. If you will forward me a
166 2016 416 2147 copy to
166 2056 1031 2238 I will try my hand at it,
182 2155 1422 2333 By right the Report should not be
208 2325 1394 2358 later than March 31. but that will be
