1498 2426
921 152 1247 271 Pendock
969 267 1303 383 Thursday
967 360 1345 533 Dec 29 1881
141 568 506 692 Dear Dyer
126 820 1310 990 I can quite understand what
457 761 1336 788 Thanks for both of yours
77 922 1363 1079 Mr. Woodbridge says about Miss North's
175 1030 1353 1155 pictures & I shall do my best with
168 1100 1441 1227 her. My impression is that varnishing
147 1283 1087 1462 Tea tray effect, & be ruinous
159 1231 1366 1306 over such slight work will have a
271 1441 1326 1512 In answering Board about the
130 1527 1454 1606 man for the Herbaceous ground I think
112 1733 1332 1804 not adequate compensation for want  of
177 1615 1287 1712 I had better say that 57 is not
168 1771 1382 1917 House recommendation, but that in
138 1880 416 1976 good time,
187 1881 1327 2024 we well proceed to get as good a
186 1962 1343 2106 man as we can for the money.
186 2078 1366 2223 Meanwhile we must think well
181 2194 1307 2309 over what is best to be done in
190 2327 1344 2366 respect of Dewar. It would not do to
