1591 2512
602 0 857 146 Florence
940 0 1487 138 April 15/81
570 153 1430 186 Hotel Couronne d'Italia
124 160 571 373 My dear Dyer
360 383 1404 424 I have been for days past
108 531 1459 660 to you, but what with sight -- seeing all
107 481 1411 522 looking for an opportunity of writing
117 646 1390 737 day & sleepyness at night the days
155 807 701 834 fly like dreams.
258 893 1471 922 We arrived here last night from
103 921 1447 1055 Cortina & found Harriet's letter of the
129 1017 1520 1141 8 -- for which pray thank her, as I do
117 1123 1295 1247 you for your very interesting one of
111 1205 1410 1339 the 4th which I received before I left
127 1301 1494 1409 Rome in which you ask about Dohrn's
153 1393 1431 1532 Laboratory - This we could not see
167 1497 1442 1632 till shortly before we left Naples
148 1583 1428 1733 as he was away fishing at Capri
153 1677 1468 1820 for the most of the time, & on our
146 1783 1473 1898 return it was long before we could
843 1917 1540 1964 we at last did
174 1868 1447 2015 catch him, at the laboratory & 1 at his house
223 1957 1435 2086 by appointment, after 3 calls -- he
141 2058 1538 2173 took us over it himself, & I was quite
160 2154 1525 2298 surprised at its extent, which as to
166 2323 1418 2356 its interest & the completeness of
138 2423 1542 2458 the arrangements (as far as I could judge of
