1389 2166
94 62 1195 212 that after all the number of
98 160 1289 304 subjects that have come under
320 254 544 327 councils
101 259 1284 377 the societies deliberations & which
110 334 1275 465 must be dealt with for the
108 416 1275 572 information of the fellows will
129 517 1315 671 provide matter enough & I can
114 625 1344 763 throw in a few scientific observations
134 708 1325 852 bearing upon them. I thought
121 809 1322 985 of alluding to Williamson's papers
118 904 1315 1061 on Fossil Botany & two or three
125 989 1299 1158 remarkable points, as Hector's
123 1095 1267 1264 discoveries in N. Z., Sapotas &
127 1200 1293 1354 the general question of temperate
140 1327 1332 1458 forests in arctic regions in order to
136 1433 1037 1541 introduce some cautions
161 1503 1237 1623 I should like to say a very few
142 1614 1298 1738 words in reference to the introducing
131 1700 1262 1815 discussions on such subject as
133 1789 1217 1917 spiritualism into scientific
138 1876 1249 2002 discussions at meetings held
139 2025 1274 2070 ostensibly for scientific purposes
