1470 2163
122 222 1323 380 & successful one. -- Lubbock's address
145 160 1209 203 The meeting is a very pleasant
116 328 1123 424 exceeded expectations & was
151 432 1215 537 well received. The representation
717 501 840 579 here
148 534 1197 680 of scientific men, is excellent
157 734 1293 862 but Americans, & two literary or
177 676 1257 721 but there are very few foreigners
148 841 1233 983 political men of note. G. Duff
134 956 1233 1101 notwithstanding. who by the way
136 1066 1165 1174 looks miserable & absorbed & I
167 1169 1244 1308 can hardly get an answer out
151 1284 407 1406 of him!
224 1351 1306 1500 My section is dull flat stale
149 1451 1281 1555 & unprofitable. Such geography is
125 1582 1259 1696 not fit for representation at a
157 1631 1197 1784 Scientific association -- I hae
140 1760 1172 1879 have had to come down very
166 1860 1268 2003 heavily on papers & talkers too.
179 2030 1239 2059 Trelawney Saunders is as bad in
