1389 2167
166 170 1356 331 Ceylon species are concerned, supported
185 296 1218 395 his work: -- but this does not go
147 427 383 545 very far.
250 493 1219 602 My orchideae all want to be
146 589 1187 710 done over again, the additions of
164 682 1148 814 species by King & Ridley are so
167 785 1156 917 many & my own supplements so
176 883 1041 983 large, & corrections so many.
327 961 1164 1079 I have written to ask King
140 1079 1210 1184 whether & at what cost he could
176 1189 1187 1328 get copies of all the later Cal
253 1292 417 1362 Orchids
191 1289 1235 1427 Garden & ones supplied for Kew.
189 1396 1212 1507 It would be well that he should
156 1507 1256 1633 publish them in a Vol. of the Annals;
175 1638 1207 1732 but they would not be coloured:
176 1721 1145 1852 he might however get a copy
174 1826 686 1942 coloured for Kew.
695 1833 1081 1973 Ever afly yrs
896 1950 1182 2078 J.D. Hooker
