1423 2163
95 380 1145 413 have some responsible duty.
92 423 1055 554 Abel was here & at once
91 494 1147 669 telegraphed to Smith & to
102 602 1342 715 Woolwich: so I hope that Smith
143 699 1366 834 found no difficulty. I sincerely
135 817 1295 956 hope that we shall have the
146 923 875 1076 Offices arranged for.
76 1044 1350 1185 Lawson's address came off yesterday.
89 1158 1327 1265 it won't do him any discredit.
99 1260 1285 1401 & I can say no more:-- it was of
121 1350 1274 1517 course very weak. I still hope
119 1465 1241 1584 & expect that he will do for
143 1630 1195 1657 Madras. The young Swede
94 1694 1244 1827 shall be welcome, his discovery
138 1783 1246 1943 of the rosette in Cycads is very
133 1899 1320 2032 interesting -- where did he find
135 1973 1190 2102 it? If I remember right it
