1305 2163
74 138 1157 288 describing the Indo-Chinese species for
75 282 1111 404 the "Flore Générale de Indo-Chine."
76 380 1123 490 of some 28 species, not one of which is
109 458 1023 576 Chinese or Malayan. In a little
109 558 1116 651 contribution to the Bulletin I have
106 655 1222 731 sketched a plan for effectually comparing
119 715 1096 809 some contiguous Balsam floras of
105 790 1205 895 Asia. I am sorry that I cannot give
138 880 1205 1009 you a copy of my paper on they Chinese my
115 977 1140 1089 paper on the Chinese Balsams in the
136 1043 1186 1147 Paris Herbm. I was only allowed enough
113 1133 1203 1231 to send one to the various bodies & people
143 1186 1180 1324 that had loaned me materials. & If
174 1288 1188 1415 you care to see it I will send it on
136 1416 1254 1487 to you. You have of course the "Hook.
141 1501 1153 1595 Icones" -- for which I am preparing
146 1599 556 1695 another part.
143 1675 1145 1799 Have you got a copy of my essay on the
123 1764 1201 1864 flora of British India? as it appeared
119 1843 842 1963 finally in the Gazetteer?
158 1952 1191 2027 Of course the species of Balsam are all
