1350 2167
80 89 1246 195 should have left you under
43 187 1356 331 "impression that my "sympathies
70 296 1225 403 "are opposed to the Biological
66 386 1356 526 "side of Botany" -- I am quite at
73 495 1295 585 a loss to think what I said to
113 582 1250 694 lead you to think ths-&
99 685 1266 784 whatever it was, I exceedingly
126 774 1300 894 regret it. Our conversation was
85 848 1308 960 a mixed & muddled one, personal
111 979 1309 1086 in two respects & general in many
119 1056 1177 1198 more. Personally I felt for
80 1147 1235 1279 myself, that I was committed
76 1230 1215 1377 in the matter of the Cape Flora.
92 1344 1281 1490 Personally I felt for you, that
102 1437 1193 1574 your acquirements & powers
111 1552 1273 1686 are being expended on labors
122 1668 1236 1760 that do not tend to give you
109 1746 1301 1868 that scientific position to which
67 1831 1182 1974 you are so well entitled: and
168 1920 664 2006 as regards us both,
51 1938 1199 2071 personally, I felt that I had
98 2022 879 2141 individually profited
933 2044 999 2147 by
1079 2056 1230 2146 your
