1556 2449
109 69 477 215 you suggest.
887 80 1420 239 & indeed expect
151 155 549 312 I quite fear
896 216 1381 340 break down.
81 270 631 396 that Smith will
82 296 1472 463 Could you get hold of Dr Laurence? put
85 400 1426 566 him on his honor as a medical man,
923 473 1236 555 sam some
124 502 1407 660 tell him you have had had medical
129 579 1446 722 situation; & inform him how useful
44 656 1452 791 & kind Cundale was, how mischievous his late
157 738 310 809 (Davis)
82 753 1403 868 Dr was, & how bad his successer at
112 806 1379 956 Brentford.  Also how kind & useful
154 873 1393 1047 Cundale was in the matter of the
115 974 1395 1096 Rolling machine accident, when C
107 1069 1429 1193 might have done Smith any amount
162 1164 1411 1301 mischief, & swindled him out of any
156 1275 1452 1385 amount of money. If I was at home I
161 1330 1474 1455 could tell D. L. of the dram-drinking.
154 1413 1439 1550 perhaps you would not like to risk it
157 1499 1404 1610 I like Laurence as a medical man &
180 1594 1078 1732 would be on his honor.
276 1627 1424 1843 lane vey glad that th you have
112 1762 1434 1919 had your way in regard to the T House
149 1871 622 1974 contract.
213 1901 1466 2072 I will do anything I can for Lankester,
116 2015 1408 2163 but I fear that Nicholson will carry the
156 2086 1444 2240 day in Scotland so that McIntosh may
138 2174 1476 2321 get St Andrews! I shall be in Edinburgh
150 2275 979 2386 tomorrow & feel my way.
