1423 2163
77 75 1299 185 the whole Lake district - which
86 143 1286 275 forced Thomson to have regard
83 237 1326 400 primarily (or solely) to the physical
86 333 1316 504 character of the rocks -- & wound
697 504 1215 536 the necessity of
161 522 923 561 up with uriging collecting
99 538 1322 709 supplying him with a naturalist
115 640 1199 792 who might be the means of
128 800 1299 841 throwing as much light on the
1067 820 1225 883 over
122 844 1173 979 later geological movements
94 938 1235 1093 Central Africa as the study of
121 1002 1321 1169 the American Flora & Fauna had
129 1109 1194 1225 on that continent & be the
530 1184 813 1263 connecting
129 1206 1264 1348 means of convelets those of
125 1354 1183 1413 South Africa will those of
151 1407 827 1504 the N. hemisphere..
92 1528 1278 1594 At Section D. Sclater & I took up
927 1539 1188 1608 the section.
119 1680 1321 1798 £1000; at the general Committee
93 1624 1275 1687 the Kilimanjaro grant & voted
113 1779 1321 1906 we had a great struggle over it
1224 1909 1374 1945 it was
113 1882 1255 2019 & got £500 agreed to -- i.e. -----
77 1981 1335 2090 voted provisionally. Bramwell asked
