1406 2147
54 41 1271 225 Nylander's collection. Nor did
73 215 1226 365 I suppose that it was a very
70 326 1143 458 extensive one: he used to
88 439 1276 572 profess to care little for any
87 571 1309 706 Herb. of his own if I remember
103 673 1290 791 aright. I have still to get
104 764 1360 902 from Oliver a list of the collections
84 869 1193 998 he does buy to let Berkeley
110 968 1277 1097 know, as if I understood B.
105 1074 1349 1222 aright we are both (Kew & Berkeley
119 1173 979 1306 buying the same things.
152 1283 1231 1408 Gammie I suppose can be
123 1392 1333 1540 easily replaced, not so Hartog -
109 1519 1314 1656 that is to say not so by a better
110 1611 1230 1761 the pay is so small -- what do
146 1750 1191 1881 you say to Traill? I doubt
126 1839 1191 1981 however anyone's satisfying
118 1965 1293 2083 Thwaites now, -- I hope that Hartog
