1478 2197
55 45 676 209 are showing cones.
124 47 1246 261 Balfour has been to see his father
29 182 1271 320 whose mind is gone. Baker, Jackson &
48 303 645 432 Bliss are all away.
168 330 1348 496 Jurd to begin moving the Gates at
71 434 1255 553 once -- I have selected a place rather
86 479 1305 633 nearer the archway & quite 300 yards
92 577 1338 749 from the Gallery & 100 from the Richmond
116 700 264 825 Gate.
133 660 1307 889 We are packing Guy's things for Russia,
88 814 1027 970 & a lot more are going to Kings.
135 871 1303 1067 The weather has been quite fine here
67 954 1267 1134 but not warm, though I fear that the
80 1058 773 1217 Equinoctials are brewing.
121 1077 1312 1255 The Kew x affair is put off till November,
47 1170 1359 1338 meanwhile Mrs Harrison wants me to addess
61 1203 1227 1388 the Home Sec. on the subject of closing the
71 1271 1331 1476 x yard. I have written to Bateman for advice
35 1347 1298 1513 -- he is at Soc. Sc. Conrgress.  If I take it up I
48 1421 1290 1582 must communicate with the Vicar, I suppose
95 1488 1281 1647 I hear he is going to have Newbould for
88 1634 365 1724 curate!!!
183 1673 1371 1843 I go to Bagshot every Saturday, but next
71 1724 1463 1881 will be my last. I shall probably go to Malvern
59 1813 1371 1950 next week for Sunday, wishing to see Symonds who
67 1890 1169 2043 is very poorly with his asthma & heart.
258 1955 980 2087 With best love to Harriet.
69 2002 1158 2171 Yours of 18 arrived yesterday.  Yours affec.
996 2057 1260 2163 JD Hooker
