1509 2451
1001 -11 1206 81 this &
74 40 1463 197 300 plants. Decaisne tells me that he is
879 111 1126 204 asteay to
73 146 1447 232 unproductive, but that my may not mean
67 210 1346 349 more than that Decaisne is so too.
236 396 1375 430 The Fetes here(at the Ministers
102 477 1431 548 Versailles) have been frightful fiascos
95 537 1397 649 & we have shunned them, & spend
480 589 666 656 M.&
102 599 1360 754 the evenings at Madam Regnals &
678 695 847 756 she is
105 711 1249 853 most nice persons. She is sister of Mrs
97 779 1381 947 Symonds. -- last night we went to
99 894 1373 1042 the Hippodrome. & I must make out
105 978 740 1129 a Theatre if I can.
203 1077 1362 1243 I cannot give another day to the
127 1182 1370 1351 Jardin des Plantes without waiting
73 1292 1326 1461 over Sunday, which we shall do
99 1384 1432 1564 the more as it will save us getting up
92 1497 1517 1684 at 5 am to catch the Boulogne train at
56 1592 1393 1747 7 -- the hour moves on to 9 on Monday,
103 1686 1439 1862 which will bring us to Kew at 101/2pm
112 1788 435 1906 I suppose.
1110 1829 1419 1932 Reeve
202 1834 1429 2035 I return proof of Bot. Mag. to Kew
97 1975 1419 2077 today, Munro leaves to night via
105 2059 1506 2233 Dieppe. he has found just nothing amongst
133 2132 871 2254 Grasses at the Jardin.
226 2201 1184 2321 With best love to Harriet.
360 2286 1364 2439 Ever affy yrs JosD Hooker
