1553 2451
93 9 1407 146 convey our sympathy as soon as the he thought
104 135 1416 239 fit, & Lady H is writing to Mr Branston
109 188 1442 316 I fear that this blow will crush the poor fellow.
205 292 1428 409 I am not surprised at what you tell
77 372 1340 472 me of Lubbock, -- I had the same trouble
76 471 1479 595 with his book on fertilization: he seems quite
836 546 1366 627 of Botany even elementary.
481 558 567 641 any
83 567 1419 671 indifferent to real knowledge -- I could not
1029 646 1182 699 now
67 650 1391 783 however have conceived his making
77 748 1426 859 Errors so gross as those you point out as
76 847 1335 987 samples: -- it is really too bad of him.
104 919 1430 1063 he certainly would have been plucked at
97 1041 1034 1173 the old Matric Exn of L.U. !
165 1140 1419 1289 Did I tell you before I left that I charged
44 1221 1384 1352 Smith to give you a list of all the Garden
90 1310 1375 1431 employees. I told him we should want
265 1387 671 1472 if not acertainable)
95 1403 1459 1517 ages (approximate, & dales of entries &c & that if
88 1482 1496 1598 he would give a rough list at first you (or
68 1568 1449 1693 I) would arrange it with headings & spaces for
636 1647 1050 1721 by him or Nicholson
93 1690 1423 1807 blanks to be filled up & have it hung up
86 1739 1245 1876 in the office & corrected periodically.
197 1826 1428 1993 With united best love to Harriet
118 1932 569 2043 & the children
669 1978 1064 2090 Ev affy yr
98 2018 1421 2160 kindest regards to Bentham, Oliver, Baker JD Hooker
486 2078 574 2129 them
90 2100 1263 2187 & Smith if they care to see this pray let them do so.
95 2141 1307 2283 Address c/o Magnai Hooker & Co
395 2243 639 2352 Rome.
