1417 2171
287 205 708 285 a photo of apencil
184 249 1233 354 I am having sketch of David Douglas
164 368 1246 450 rephotographed. & should like a copy
158 456 1183 557 to be framed & hung up in the young
146 573 723 658 mens' reading room.
246 630 855 758 With love to Harriet
626 746 916 856 Ever affy Y
863 819 1265 996 Jos. D. Hooker.
236 1130 1239 1250 The news of King is not satisfactory.
167 1226 1260 1339 The absorption of the "Effuseae" is very
189 1307 1318 1426 slow, & he is going to get advice at Genoa.
233 1416 1295 1544 Frank Oliver did not know that
192 1492 1324 1648 his name was put up to the Royal till
191 1613 1284 1754 he was told of his being selected! -
