1379 2226
80 361 1194 533 of the counter--cries of "Jobbery
78 498 1173 626 & "Kew in danger" -- together
94 606 1099 730 with a deputation of the
112 721 1142 841 Horticultural interest on
129 795 1144 925 our side. Mitford has
136 913 1245 1030 promised to be firm, & will
124 1016 1128 1119 be so I do not doubt.
131 1100 1365 1265 but the opposition of Engleheart
78 1227 1263 1375 & the Selwyn people & Stock
106 1338 1252 1499 & Co is furious. If danger
96 1436 1235 1579 threatens I must leave it to
94 1551 1210 1710 you & Smith to go move the
83 1648 1298 1819 Gardening papers & Horticultural
112 1765 1032 1883 interest in our favor.
124 1886 1251 2015 I have written complaining of
582 1950 748 2026 stuff
75 1987 1248 2131 the atrocious stuff that Carless
