1557 2502
172 334 1353 483 effects of the tides in squeezing
119 450 1427 590 the earths surface, & the consequences
150 631 1367 666 of the depressions caused by the
126 667 1346 839 squeeze downs, & on the effect
145 803 1298 958 of the Barometric pressure on
157 936 1329 1081 the pendulum. -- heavy distant
129 1053 1512 1224 masses of air affecting it. Theoretically
112 1170 1500 1324 if not practically. All these matters
147 1272 1453 1400 which he has been working at
153 1391 1365 1546 for 3 years he now finds the
131 1538 1445 1650 Italians have been experimenting
129 1653 1455 1836 on & publishing about for 10 years
134 1779 1439 1910 & more -- unbeknown to English
141 1889 1313 2022 physicists -- & not one Italian
148 1991 1434 2156 but many from Florence & Naples.
212 2101 1289 2231 The Presidents Address was
97 2225 1379 2346 eminently dull, mere descriptions
187 2389 1373 2432 of the conditions of Electrical &
