1431 2147
112 44 1345 211 attends to Willy. I have told the
79 182 1340 324 latter if he goes away for a day not
101 251 1323 398 to fail to have the letters sent
112 347 1271 511 to Smith's office for you to open --
218 471 1266 614 I have another worrying letter
127 552 1284 701 from Monier Williams to subscribe
110 654 1183 811 to his Oxford India Institute.
135 897 1343 1043 cost me enough out of pocket.
105 832 1193 881 Realy I think India has
132 1009 1290 1158 & I shall send him a rebuff.
204 1122 1243 1279 I shall set to work at the
148 1244 949 1367 Report without delay.
218 1331 1227 1479 With Lady H's kind regards &
145 1449 1189 1612 love to Harriet & the children
119 1559 522 1719 From us both
526 1590 1007 1765 Ever affy yrs
628 1706 979 1937 J D Hooker
