2205 1392
53 18 2133 121 Nicholson should have the charges of the Nomenclature throughout the
60 89 2106 194 Establishment . Binden might I think be suppressed, but you will
68 189 1765 292 want Truelove to play Garrett's part in the Arboretum.
123 236 2182 376 By this arrangement you would free two houses, & curtail expenditure
71 302 2169 423 Binden's house might go to Nicholson, & the Directors be converted into
100 370 2172 502 offices, the Director receiving an allowance for a house. Dewar would
84 454 1114 541 have the present office for a house.
131 494 2127 649 For my part I earnestly desire to retire -- I can afford it -- I am in
42 583 2135 722 my 69th year & the 21st of Directorship -- I am getting deaf & stiff, & no longer
50 662 2098 793 fit for active Garden duties, but not too old for much work in the
53 743 2164 859 Herbarium & supervising publications there (sorely needed). I should get
74 798 2080 943 rid of the expense of the Kew House, & live at Sunningdale, coming
32 888 412 985 3 days or more a
113 877 2069 1029 weekly to Kew. Finally retirement before I am too old to
105 951 2093 1093 enjoy the grass or perhaps even to cross my paddock would be
113 1035 2030 1153 are inexpressible relief. I have nothing to gain by staying on,
102 1100 1983 1247 you & the Board ought to be all the better off by my retirement
885 1195 1358 1337 Ever affey yrs
1371 1187 1712 1337 JDHooker
