1616 2559
159 90 1489 125 conviction that I should resign in
177 133 1563 273 a 12 month. What could I do? Without
112 220 1371 332 a scentific colleague, a disaffected
105 331 1608 469 secretary & Asst. Dr & a fairieact Treasurer
174 424 1567 601 the condition is hopeless. My feeling is
127 508 1569 687 that the Linnean must be worse before
99 648 1503 781 it is better, when reform will be forced
123 743 1459 896 upon it. -- I see nothing but snares,
174 842 1515 1001 pitfalls for one of my sort. Lubbock
159 1057 1468 1238 bring the Society a little zoologically
137 1016 1499 1049 will do no harm in the chair, & may
143 1272 1505 1333 when the want of Botanical support
160 1390 1421 1441 will be felt & I hope in time
133 1431 1141 1589 bring about its own cures.
346 1646 1409 1683 Ever in haste with kindest
129 1738 1377 1795 regards to yourself & love to Harriet &
174 1783 532 1918 the children
667 1819 952 1985 Yours affy
575 1980 1022 2183 JosD Hooker
110 2250 1195 2405 but do not trouble to do so
103 2224 1473 2305 Address here if have time to write
105 2349 969 2544 We shall be a week here --
