1375 2159
914 112 1280 241 June 211907
919 237 1114 300 THE CAMP.
896 315 1151 372 SUNNINCDALE.
211 471 624 612 My dear Dyer
424 562 1230 679 I should earlier have thanked
147 651 1210 790 you for your letter of 6 & kind congratu
155 749 1202 853 -lations upon the Swedish award. This
183 846 1191 947 was indeed an undreamed of honor, &
178 933 1084 1022 the circumstances under which it
185 1038 1159 1125 was presented were in every way most
662 1092 839 1157 so were
191 1121 1085 1217 gratifying. Not less to me the few
194 1208 1114 1321 kind words from Sir E Grey with
184 1298 1181 1369 which he transmitted the medal to
180 1385 1116 1489 me a week ago. Prain proposes to
187 1468 1136 1564 print the correspondence in the Bulletin
199 1543 1276 1666 Proud as I may well be of the medal, & all
134 1632 440 1682 it means it
195 1643 1152 1745 does not eclipse the Linnean on various
172 1752 448 1828 accounts.
250 1797 1081 1901 Yours is the first intimation I
173 1884 1193 2004 have had of the deputation of the B.S.
189 1978 1217 2083 coming on visitation my birthday. Lady
