1389 2148
150 195 1300 317 not necessary in the case of the walls
138 314 1212 404 that were to be lined with book
108 434 1188 547 --shelves & plant cabinets, which of
135 536 1277 658 course he put up & painted himself.
194 620 1246 770 The Works dept at Kew never even
126 744 1304 864 saw the house (the inside that is) nor
146 867 1332 977 did a single thing to it & he employed
123 924 615 1000 his own gardener.
231 973 1297 1092 When he left it, 14 rooms were
118 1072 1196 1180 full of books & plants. The Ferns
288 1142 704 1248 (of the Herbarium)
144 1202 1152 1305 alone were accommodated at the
113 1283 1280 1407 Director's House in Kew when he went there.
200 1389 1197 1512 I do not suppose I ever told you
123 1515 1164 1626 that from 1810 or before it, till his
140 1617 1197 1727 death, he purchased every botanical
135 1739 1262 1845 book he could lay hands on; chiefly
134 1825 1225 1950 though agents in London; and when in
147 1941 1251 2092 Glasgow the trouble & expense of this
