1529 2427
97 46 375 197 Myself
110 133 1296 276 As to Wilkie & the contractor
91 223 1357 375 am in utter despair. The only
120 322 1388 462 way is to report to the Board
125 443 1432 569 all negligence & bad material
112 516 1306 673 & establish a law upon the
116 646 846 773 works sept Dept
164 747 1362 873 I am not impressed at what
142 855 1380 986 you tell me of the quicksands
134 927 1342 1091 under the P.H. I always was
118 1039 1372 1216 given to understand that the
120 1165 1441 1321 bottoming & ground work which
127 1283 1342 1422 was a contractors work was
127 1411 1427 1526 very bad & that moreover the
144 1514 1394 1680 site of the building was a bog.
210 1611 1324 1732 whereas the upper works
132 1711 1387 1849 if iron glass & store were
142 1824 1490 1984 wonderfully good -- It is well you
139 1923 1480 2062 detected the faulty piers -- but
141 2004 1500 2160 you & Smith must continue to
145 2126 1453 2264 put your eyes upon everything
148 2221 1408 2342 I cannot tell you how much
