1607 2420
48 84 1287 225 take last directions in case of his death,
78 51 1354 132 to go & see him at Wilton? Place last week to
70 257 1382 344 cough & Mrs S is gone with him. Huxley has I
146 189 1387 282 Spottiswoode is sent to Italy because of his his
94 304 901 437 hear been in bed for a week.
95 324 1351 501 Tyndall & his wife have spent the afternoon
118 393 1438 582 here -- they too are going into bricks & mortar.
245 490 1555 648 you are invited to dine with the Pharmaceuticals
143 564 1425 728 on the 22 May in Willis rooms, I have told
151 641 1407 792 them that you are abroad & will be for some
158 725 1397 856 time; & that I have informed you of the invitation
179 774 1394 929 We had 3 or 4 days of S. W. mild weather,
120 856 1405 1022 followed by north Easters, which persist &
127 999 370 1091 are vile.
171 1063 1384 1142 I have just heard from Brandis, who
190 1157 1043 1218 will be here in a week.
178 1227 1374 1304 With best love to Harriet & kind
437 1371 991 1558 Ever affectly yrs
111 1327 1280 1396 regards to Bessie White that was.
975 1414 1289 1565 JDHooker
