1529 2427
887 100 1480 119 Of other plants
48 22 369 99 East of the R. M
44 75 734 152 I have collected as diligently & largely
695 362 938 382 of 4000 ft
116 313 1390 363 as I can -- & have some 500 sp
64 177 745 259 from all Elevations up to 14000 ft
57 219 703 315 Here we are going into the Mts
59 291 736 381 East of us (the Wahasatch) (E of Salt
45 349 724 444 Lake) which will give us a glimpse
72 408 698 496 of W. Colorado vegetation & the
53 469 736 548 perhaps we shall find Pinus
57 523 679 605 monophylla which replaces
58 576 736 653 Edulis & extends W. to Nevada
484 632 699 695 Nevada
71 653 332 706 This done we
327 664 579 729 Taxodium grove
625 702 673 761 the
64 699 565 786 getting to the Calendar  by
164 737 338 797 Carson &
143 1588 1430 1668 rear by Silver city (off the line
391 818 434 858 by
73 822 699 906 of rail). & so by Calavera &
60 865 740 960 Mariposa to San Francisco. There
91 927 698 1016 I hope to visit the Red wood
77 984 674 1065 Taxodium &c) district to the
73 1032 692 1125 North & Monterey to the South
79 1111 723 1194 & then home by end of September.
