1388 2213
121 350 1270 519 final, nor can be so, for that
114 460 1281 590 the plants will grow, & that he,
115 545 1228 719 not you, will be responsible for
107 687 1323 817 this being regarded:-- that we shall
107 784 1172 932 always be ready to advise him
132 898 1270 1013 but we expect he will soon not
144 1005 1197 1129 want our advice except for any
150 1117 1234 1249 great changes. Moore is off in
92 1211 1272 1385 high dudgeon -- & has not behaved
444 1318 922 1417 to Smith or to me
124 1340 1284 1468 at all well. I have packed off
126 1449 1262 1606 Leighton too, who is a sulky
126 1574 988 1673 ill conditioned morgrel.
132 1676 1279 1827 Watson has taken the Orchids with
130 1797 1143 1913 a will, & I anticipate qreat
127 1883 907 2044 things from the change.
132 2016 934 2174 As to Burt (or whatever
1002 2048 1306 2134 his name
