1568 2451
205 446 1386 641 go to the Arboretum & first of all
116 661 1385 844 starving Horse chesnuts. I took
159 622 1353 691 to the sunk ground at the
143 771 1418 950 him there myself-- & he said he
135 858 1358 1037 would have it done at once
336 974 1413 1136 The weather here is wretched
325 1074 1396 1237 & I have been out but once. I
167 1167 1437 1312 shall be glad to get back, though
151 1258 763 1407 they are so kind.
385 1390 1091 1548 With united love to
652 1613 1191 1789 Ever affy yrs
127 1552 1463 1603 Harriet and kindest regards to you
819 1942 1333 1973 J D Hooker
