1373 2209
15 590 90 684 V.
48 110 1124 229 it is not to be wondered at.
39 229 1267 346 Also that a visitor was seen to
85 331 1336 451 thrust his stick into the rotten
110 442 1275 566 beam of the Fern House. See what
148 521 1309 616 I have said & forward it or take it in.
137 584 1300 708 I have no time to answer the
190 706 1295 821 letter about Taylor & Willkie,
143 802 1136 945 but have indicated my
141 898 1186 1036 views. You can formulate
135 1005 643 1121 them please
57 1156 1280 1267 VI. I am puzzled about writing
133 1240 1295 1367 to Oliver. He may take offence
813 1312 1154 1403 the plants
104 1356 1307 1489 at my not commnicating  through
133 1458 1262 1581 his own officer Baker -- If I
125 1569 1251 1685 ask him to go over to you &
121 1680 1282 1805 he goes & finds you in town
111 1775 1271 1916 he will be offended. If l ask
91 1893 1284 2044 him to make an appt with
107 1999 1162 2143 you it may be taken the
