1422 2140
152 175 1213 301 the Charity Organ "Soc" & the clergymen
171 266 1249 392 of his parish, all speak well of him
281 358 497 422 I am told
153 370 1241 502 & he has good testimonials from various
147 443 1152 581 posts mostly temporary, which he has
155 535 1187 663 held. Some friends contribute a few
165 620 1136 759 shillings for his weekly support, in
180 723 1188 811 which I join, & Lady Hooker sends him
172 783 1195 898 some warm clothing. I am assured
151 867 1255 995 that he is thoroughly dependable, & really
177 961 1229 1085 sedulously seeks employment. Should
167 1034 1282 1163 you hear of any small place where lowly
175 1139 1211 1242 honest service is required, I am sure
196 1226 1202 1317 he would deserve it. As far as I can
197 1315 1288 1414 make out he has never lost character &
167 1394 998 1480 his condition is really distressful.
