1392 2164
51 0 1178 160 mustering the details, & pushing on the
48 113 1328 190 ∞ spheres of usefulness of Kew in all its de --
64 182 1194 292 partments, Garden, collections, cultivation
67 262 1328 372 Museum, Herbarium, Library, & this combined
65 342 1330 425 with genuine love of all & every one of them.
72 401 1157 516 You cannot carry out even your own
48 466 1290 560 improvements, EG the Reports, a sore subject
49 532 1231 645 with both of us, & one  that of which the
42 623 1319 712 responsibility attaches to me. You have the
35 685 1267 833 Common failing of men gifted like yourself,
30 809 1287 913 of not seeing why others have not the same,
488 844 1215 927 you cannot relalize the time &
53 864 1274 1001 quick perceptions; I for one cannot expect
59 948 1173 1044 to see Kew administered as it is except by
97 1030 1288 1138 yourself. The Laboratory is beyond me, & so
54 1095 1309 1234 are many of the subjects of Reports -- Were
67 1184 1212 1299 either you or I to break down where
334 1275 634 1331 establishment
65 1272 1263 1402 would the garden be? You are not always
53 1371 1322 1494 strong & dear Harriet's health is a contant
48 1459 1263 1579 source of anxiety -- my powers are failing --
53 1534 1156 1665 I have been awfully deaf here, besides
57 1606 1334 1703 suffering acutely in one ear -- I quite agree with
177 1721 1295 1840 & in no way bound up together
65 1789 1271 1896 parallel, & I had no thought of regarding my
64 1853 1176 1957 retirement as a help to get rid of Smith
66 1745 807 1792 you that Smith's & my case are in no way
999 1920 1312 1976 my retirement.
61 1922 1296 2048 What I did & do think is that would
64 2057 1224 2082 enable you & the Board to put the
