1496 2462
45 35 1340 233 stem -- I suppose Alsophila Cooperi
59 155 1310 344 35 ft long, & any number of small
68 292 289 437 things.
58 401 1409 545 I have seen Brand's splendid collection
71 505 1433 689 of woods, but really as to terms they are
80 633 1385 737 not fit objects for such an exhibition
70 704 1334 855 as this.  A selection would have
68 819 636 943 been far better.
129 883 1449 1088 I am here every day -- but my time has
19 969 178 1079 been
91 1031 1401 1192 taken up with official actings on
38 1097 1348 1299 the Prince in the middle of the day
41 1200 1429 1390 it  at the Embassy. He is very civil
0 1315 1439 1501 sympathises with keeping Kew shut but
115 1409 354 1477 advises
53 1416 1441 1586 a compromise, which I tell him
90 1510 1398 1681 is impossible. I have not yet seen
67 1606 1376 1797 half the exhibition & I have still the
52 1707 1419 1907 Horticulture especially to look at which
197 1807 440 1872 cannot
108 1826 748 1941 I cannot shirck.
126 1898 1393 2072 M. Pierre I have not caught yet
71 1992 1387 2155 but hope to do so this afternoon.
68 2093 1313 2239 keeps all his collections together &
84 2184 1384 2315 wants Govt assistance to publish a
107 2278 1423 2435 tam ap t Loxe -- in folio with drawings of
