1452 2151
169 181 1093 299 his papers in the Kew Catalogue were
146 274 1299 371 procured for me by Heer himself, who most
165 336 1266 438 kindly endeavored to collect all he could for me.
195 413 1267 518 Had Heer really anticipated Forbes it A.D.C.
172 515 1301 592 must allude to it; he cannot have overlooked
192 601 269 661 it.
181 622 1206 757 Stapf's promotion is a great pleasure to
173 696 1234 829 me. He often comes here for Sunday. I am
195 770 1330 908 glad too that his wife's health is so greatly
192 870 1136 967 improved. I wonder who will get the
201 946 1230 1050 assistantship; Sprague I should think.
285 1053 1174 1138 I have seen & wondered at your
201 1122 1201 1228 great activity in Indian matters now
207 1193 1290 1317 that you are so far from town. Gage is, I
199 1292 1296 1397 fear far from a capable man, I am sorry
215 1350 1325 1465 that Burkill is not at the head of the Calcutta
223 1447 1246 1554 Garden. He keeps an eye on Impatiens for
204 1535 1159 1643 for me. Fancy his finding the wild I.
198 1648 1200 1718 Balsamine at the level of the sea a few
218 1710 1232 1808 miles N of Bombay -- We had it from many
216 1782 1296 1863 hilly districts all over the W Peninsula. They
222 1860 1207 1946 flowered at Kew a few days ago from
235 1927 1333 2027 seeds sent by Rendle from Padang, but there
