1524 2430
304 146 2331 215 I am partly pulling through
1467 210 2483 438 though troubled
163 211 934 470 pretty well
1430 396 2341 625 & completely
141 454 1025 646 with diarrhea
723 731 2118 932 on Mule or pony back
113 419 1306 455 covered with bruises chiefly
184 763 2296 1088 from tearing through the Aspen
179 961 2212 1222 bushes on the Mountains &
159 1150 2344 1417 slipping on stones. I got up to
153 1331 2524 1593 14300 on Gray's peak without difficulty
129 1487 2254 1769 (on my legs) but I have not
143 1635 2172 1933 the wind & muscle I had &
138 1880 2237 2093 indeed the Mountain climbing
148 2046 2443 2235 here is pretty severe work. When
154 2213 2294 2480 near the lip of G.P. in a severe
153 2373 2079 2648 hail storm, the Electric fluid
203 2544 2396 2815 fizzed out at the side is my head
144 2720 2284 3010 like the fiz out is a half drawn
126 2896 2368 3161 S. W. bottle. Followed by a loud
159 3065 2254 3381 clap of thunder -- soon after
200 3265 2483 3629 I had a shock in my arm followed
195 3461 2198 3728 by another clap. The fluid also
158 3614 2264 3823 fizzed from the horse's ears, & a Mr
75 2315 1425 2356 Darrell (son of Judge D. of Bermuda
