<?xml version="1.0" encoding="UTF-8" standalone="yes"?>
<PcGts xmlns="http://schema.primaresearch.org/PAGE/gts/pagecontent/2013-07-15" xmlns:xsi="http://www.w3.org/2001/XMLSchema-instance" xsi:schemaLocation="http://schema.primaresearch.org/PAGE/gts/pagecontent/2013-07-15 http://schema.primaresearch.org/PAGE/gts/pagecontent/2013-07-15/pagecontent.xsd">
    <Metadata>
        <Creator>prov=University of Rostock/Institute of Mathematics/CITlab|PLANET AI GmbH/Gundram Leifert/gundram.leifert@planet-ai.de:name=English writing M2(htr_id=19809)::::v=2.6.6
prov=University of Rostock/Institute of Mathematics/CITlab|PLANET AI GmbH/Tobias Gruening/tobias.gruening@planet-ai.de:name=de.uros.citlab.module.baseline2polygon.B2PSeamMultiOriented:v=2.6.6
prov=University of Rostock/Institute of Mathematics/CITlab|PLANET AI GmbH/Tobias Gruening/tobias.gruening@planet-ai.de:name=/net_tf/LA73_249_0mod360.pb:de.uros.citlab.segmentation.CITlab_LA_ML:v=2.6.6
Transkribus</Creator>
        <Created>2020-06-29T22:59:40.764-04:00</Created>
        <LastChange>2023-05-16T18:06:12.812+02:00</LastChange>
        <TranskribusMetadata docId="423588" pageId="16858825" pageNr="3" tsid="121938416" status="DONE" userId="43461" imgUrl="https://files.transkribus.eu/Get?id=DTBSWPSPQUYLSGATGSEKQHOS&amp;fileType=view" xmlUrl="https://files.transkribus.eu/Get?id=QONQHJTYGNZEGSGWPGZPXGHI" imageId="12610337"/>
    </Metadata>
    <Page imageFilename="JDH_2_16_36_006.jpg" imageWidth="1407" imageHeight="2274">
        <ReadingOrder>
            <OrderedGroup id="ro_1684330881455" caption="Regions reading order">
                <RegionRefIndexed index="0" regionRef="r1"/>
            </OrderedGroup>
        </ReadingOrder>
        <Relations/>
        <TextRegion orientation="0.0" id="r1" custom="readingOrder {index:0;}">
            <Coords points="96,160 96,2186 1342,2186 1342,160"/>
            <TextLine id="r1l1" custom="readingOrder {index:0;}">
                <Coords points="126,222 540,267 656,209 847,254 974,207 1218,224 1233,121 1135,159 1006,129 923,178 714,108 498,176 328,115 125,151"/>
                <Baseline points="134,212 188,211 243,209 297,208 352,206 406,205 461,204 515,203 570,202 624,201 679,200 734,200 788,200 843,199 897,200 952,200 1006,201 1061,202 1115,203 1170,204 1225,206"/>
                <TextEquiv>
                    <Unicode>2 Saturdays longer than I</Unicode>
                </TextEquiv>
            </TextLine>
            <TextLine id="r1l2" custom="readingOrder {index:1;}">
                <Coords points="99,344 237,355 313,339 325,326 366,356 438,342 438,283 393,286 359,270 305,292 210,262 164,288 99,281"/>
                <Baseline points="106,323 133,323 160,322 187,322 214,322 241,322 268,322 295,322 322,322 349,322 376,322 403,322 430,321"/>
                <TextEquiv>
                    <Unicode>intended</Unicode>
                </TextEquiv>
            </TextLine>
            <TextLine id="r1l3" custom="readingOrder {index:2;}">
                <Coords points="140,491 1347,460 1346,387 1214,362 946,429 726,432 650,391 416,425 227,351 139,407"/>
                <Baseline points="148,458 207,459 267,460 326,461 386,461 445,462 505,462 564,462 624,462 683,462 743,461 803,460 862,460 922,459 981,458 1041,457 1100,456 1160,455 1219,453 1279,452 1339,450"/>
                <TextEquiv>
                    <Unicode>If your "quick wit" can think</Unicode>
                </TextEquiv>
            </TextLine>
            <TextLine id="r1l4" custom="readingOrder {index:3;}">
                <Coords points="101,640 249,655 338,581 506,643 696,573 873,601 1083,569 1178,630 1238,611 1237,532 1107,516 885,549 582,489 390,525 241,486 100,509"/>
                <Baseline points="108,582 164,582 220,581 276,581 332,580 388,579 444,578 500,578 556,577 612,576 669,575 725,574 781,574 837,573 893,572 949,572 1005,572 1061,572 1117,572 1173,573 1230,573"/>
                <TextEquiv>
                    <Unicode>of anything for me to say</Unicode>
                </TextEquiv>
            </TextLine>
            <TextLine id="r1l5" custom="readingOrder {index:4;}">
                <Coords points="130,721 1324,721 1322,636 1097,646 1004,608 736,662 568,615 414,669 130,662"/>
                <Baseline points="138,720 196,718 255,716 314,715 373,713 432,711 491,709 550,707 609,704 668,703 727,701 785,700 844,699 903,698 962,698 1021,699 1080,699 1139,701 1198,703 1257,705 1316,709"/>
                <TextEquiv>
                    <Unicode>at the R. S. address I shall</Unicode>
                </TextEquiv>
            </TextLine>
            <TextLine id="r1l6" custom="readingOrder {index:5;}">
                <Coords points="119,833 1340,825 1339,744 1150,717 1071,789 734,754 670,791 594,762 238,798 177,749 118,763"/>
                <Baseline points="126,824 186,824 246,824 306,824 367,823 427,823 487,822 548,821 608,820 668,819 729,818 789,817 849,815 909,814 970,814 1030,813 1090,813 1151,813 1211,813 1271,813 1332,814"/>
                <TextEquiv>
                    <Unicode>be so much obliged:- I look</Unicode>
                </TextEquiv>
            </TextLine>
            <TextLine id="r1l7" custom="readingOrder {index:6;}">
                <Coords points="94,959 288,927 424,962 631,927 1350,950 1350,915 1183,878 994,901 899,865 714,911 460,857 94,885"/>
                <Baseline points="102,932 164,931 226,930 288,930 350,929 412,929 474,928 536,928 598,928 660,928 722,928 784,928 846,929 908,929 970,930 1032,931 1094,932 1156,933 1218,935 1280,936 1342,938"/>
                <TextEquiv>
                    <Unicode>with despair on such a session's</Unicode>
                </TextEquiv>
            </TextLine>
            <TextLine id="r1l8" custom="readingOrder {index:7;}">
                <Coords points="119,1064 291,1048 379,1094 528,1044 716,1070 1004,1032 1319,1094 1319,988 1198,940 1040,1011 845,974 767,1024 630,970 496,1021 342,973 257,1012 119,982"/>
                <Baseline points="126,1048 185,1047 244,1046 303,1045 363,1045 422,1044 481,1044 541,1043 600,1043 659,1043 719,1043 778,1042 837,1042 896,1043 956,1043 1015,1043 1074,1043 1134,1044 1193,1044 1252,1044 1312,1045"/>
                <TextEquiv>
                    <Unicode>work as I had last, &amp; I long</Unicode>
                </TextEquiv>
            </TextLine>
            <TextLine id="l" custom="readingOrder {index:8;}">
                <Coords points="121,1164 170,1164 219,1165 268,1165 317,1165 367,1165 416,1165 465,1164 514,1164 563,1163 613,1162 662,1161 711,1160 760,1159 809,1158 859,1156 908,1155 957,1154 1006,1152 1055,1150 1105,1149 1100,1163 1125,1164 1150,1165 1176,1165 1201,1165 1227,1165 1252,1164 1278,1161 1276,1146 1251,1149 1227,1150 1201,1150 1176,1150 1150,1150 1126,1149 1118,1151 1123,1136 1055,1135 1005,1137 957,1139 908,1140 859,1141 809,1143 760,1144 711,1145 662,1146 613,1147 563,1148 514,1149 465,1149 416,1150 367,1150 317,1150 268,1150 219,1150 170,1149 121,1149"/>
                <Baseline points="121,1164 170,1164 219,1165 268,1165 317,1165 367,1165 416,1165 465,1164 514,1164 563,1163 613,1162 662,1161 711,1160 760,1159 809,1158 859,1156 908,1155 957,1154 1006,1152 1055,1150 1105,1149 1100,1163 1125,1164 1150,1165 1176,1165 1201,1165 1227,1165 1252,1164 1278,1161"/>
                <TextEquiv>
                    <Unicode>inexpressibly to throw off the</Unicode>
                </TextEquiv>
            </TextLine>
            <TextLine id="r1l11" custom="readingOrder {index:9;}">
                <Coords points="738,1241 758,1243 794,1221 849,1249 891,1229 957,1224 972,1237 1003,1218 1023,1223 1062,1211 1057,1149 1037,1157 1016,1146 961,1178 931,1165 886,1189 855,1171 816,1188 771,1176 733,1188"/>
                <Baseline points="744,1223 769,1224 795,1225 821,1225 847,1224 872,1224 898,1222 924,1220 950,1217 975,1213 1001,1209 1027,1204 1053,1197"/>
                <TextEquiv>
                    <Unicode>&amp; society</Unicode>
                </TextEquiv>
            </TextLine>
            <TextLine id="r1l12" custom="readingOrder {index:10;}">
                <Coords points="96,1279 318,1333 529,1283 634,1318 990,1270 1218,1296 1286,1273 1287,1222 711,1264 610,1221 394,1264 164,1191 97,1220"/>
                <Baseline points="104,1273 162,1275 221,1276 280,1278 339,1279 397,1279 456,1280 515,1280 574,1280 632,1280 691,1280 750,1280 809,1280 867,1280 926,1280 985,1280 1044,1281 1102,1282 1161,1282 1220,1284 1279,1285"/>
                <TextEquiv>
                    <Unicode>load of London work &amp; keep</Unicode>
                </TextEquiv>
            </TextLine>
            <TextLine id="r1l14" custom="readingOrder {index:11;}">
                <Coords points="154,1424 182,1415 282,1429 346,1403 429,1447 502,1442 498,1360 443,1361 342,1331 304,1344 272,1327 151,1352"/>
                <Baseline points="161,1407 186,1405 211,1404 237,1402 262,1401 287,1400 313,1399 338,1398 364,1397 389,1396 414,1395 440,1393 465,1391 491,1389"/>
                <TextEquiv>
                    <Unicode>to Kew.</Unicode>
                </TextEquiv>
            </TextLine>
            <TextLine id="r1l15" custom="readingOrder {index:12;}">
                <Coords points="723,1407 1066,1420 1145,1407 1177,1431 1243,1409 1244,1348 1137,1334 1079,1375 990,1345 910,1372 869,1336 834,1343 802,1316 724,1367"/>
                <Baseline points="731,1398 756,1398 781,1397 806,1397 831,1398 857,1398 882,1398 907,1399 932,1399 957,1400 983,1401 1008,1402 1033,1402 1058,1403 1083,1403 1109,1404 1134,1404 1159,1404 1184,1404 1209,1404 1235,1404"/>
                <TextEquiv>
                    <Unicode>I should like</Unicode>
                </TextEquiv>
            </TextLine>
            <TextLine id="r1l16" custom="readingOrder {index:13;}">
                <Coords points="89,1527 243,1556 559,1505 820,1557 956,1498 1111,1539 1268,1515 1267,1458 1082,1413 999,1472 812,1436 312,1469 167,1424 88,1460"/>
                <Baseline points="96,1510 154,1510 212,1510 270,1509 328,1509 387,1509 445,1508 503,1508 561,1507 619,1506 678,1506 736,1505 794,1504 852,1503 910,1503 969,1502 1027,1501 1085,1500 1143,1499 1201,1498 1260,1497"/>
                <TextEquiv>
                    <Unicode>to say something about Fossil</Unicode>
                </TextEquiv>
            </TextLine>
            <TextLine id="r1l17" custom="readingOrder {index:14;}">
                <Coords points="111,1652 244,1649 305,1694 462,1633 917,1670 1044,1623 1193,1626 1192,1545 1021,1606 659,1586 592,1545 358,1606 110,1569"/>
                <Baseline points="118,1644 171,1639 224,1636 278,1633 331,1632 384,1631 438,1631 491,1631 544,1631 598,1632 651,1633 704,1633 758,1634 811,1634 864,1634 918,1633 971,1631 1024,1628 1078,1625 1131,1620 1185,1614"/>
                <TextEquiv>
                    <Unicode>Botany, &amp; to allude to the</Unicode>
                </TextEquiv>
            </TextLine>
            <TextLine id="r1l18" custom="readingOrder {index:15;}">
                <Coords points="403,1701 448,1687 489,1709 513,1694 630,1690 699,1702 723,1693 786,1711 787,1680 769,1668 728,1682 635,1642 572,1663 540,1646 485,1655 405,1645"/>
                <Baseline points="411,1683 437,1685 463,1687 489,1688 515,1689 542,1689 568,1690 594,1690 620,1691 646,1692 673,1693 699,1694 725,1696 751,1698 778,1701"/>
                <TextEquiv>
                    <Unicode>researches</Unicode>
                </TextEquiv>
            </TextLine>
            <TextLine id="r1l19" custom="readingOrder {index:16;}">
                <Coords points="124,1781 266,1793 447,1742 743,1777 865,1738 1180,1750 1256,1743 1256,1690 1202,1657 1073,1716 1024,1681 808,1720 630,1690 342,1719 183,1667 123,1694"/>
                <Baseline points="131,1744 186,1744 242,1745 298,1745 354,1745 410,1744 466,1744 521,1743 577,1742 633,1741 689,1740 745,1739 801,1738 857,1737 912,1736 968,1735 1024,1734 1080,1733 1136,1732 1192,1732 1248,1732"/>
                <TextEquiv>
                    <Unicode>biological matters in which the</Unicode>
                </TextEquiv>
            </TextLine>
            <TextLine id="r1l20" custom="readingOrder {index:17;}">
                <Coords points="133,1864 1229,1865 1228,1786 1078,1830 935,1794 133,1811"/>
                <Baseline points="141,1857 197,1857 254,1857 311,1857 368,1856 424,1855 481,1854 538,1853 595,1852 652,1851 708,1850 765,1850 822,1849 879,1849 936,1849 992,1849 1049,1850 1106,1851 1163,1852 1220,1854"/>
                <TextEquiv>
                    <Unicode>instruments exhibited at</Unicode>
                </TextEquiv>
            </TextLine>
            <TextLine id="r1l21" custom="readingOrder {index:18;}">
                <Coords points="98,1971 455,2025 597,1963 1288,1974 1288,1934 1160,1858 968,1942 912,1910 639,1946 538,1902 452,1937 307,1887 98,1922"/>
                <Baseline points="106,1954 164,1958 223,1961 282,1963 340,1964 399,1965 458,1965 516,1965 575,1965 634,1965 693,1964 751,1963 810,1962 869,1961 927,1960 986,1960 1045,1959 1103,1959 1162,1960 1221,1961 1280,1962"/>
                <TextEquiv>
                    <Unicode>S. Kensington are concerned,</Unicode>
                </TextEquiv>
            </TextLine>
            <TextLine id="r1l22" custom="readingOrder {index:19;}">
                <Coords points="134,2090 235,2071 303,2117 506,2070 648,2137 757,2059 1286,2080 1286,2011 1193,1980 1125,2027 981,2037 748,2042 687,2001 501,2049 360,2011 134,2033"/>
                <Baseline points="142,2070 198,2071 255,2071 312,2071 369,2071 426,2070 483,2069 539,2069 596,2068 653,2067 710,2066 767,2065 824,2065 881,2064 937,2064 994,2063 1051,2063 1108,2064 1165,2065 1222,2065 1279,2067"/>
                <TextEquiv>
                    <Unicode>but feel sadly incompetent.</Unicode>
                </TextEquiv>
            </TextLine>
            <TextLine id="r1l23" custom="readingOrder {index:20;}">
                <Coords points="134,2224 348,2167 462,2201 585,2165 708,2206 852,2164 958,2207 1256,2173 1255,2111 1167,2093 1071,2140 993,2089 893,2136 778,2102 637,2143 455,2106 267,2135 172,2070 134,2089"/>
                <Baseline points="142,2165 197,2166 252,2166 307,2167 363,2167 418,2167 473,2167 529,2166 584,2166 639,2165 695,2165 750,2164 805,2164 860,2163 916,2163 971,2163 1026,2163 1082,2163 1137,2163 1192,2164 1248,2165"/>
                <TextEquiv>
                    <Unicode>I find it so difficult to</Unicode>
                </TextEquiv>
            </TextLine>
            <TextEquiv>
                <Unicode>2 Saturdays longer than I
intended
If your "quick wit" can think
of anything for me to say
at the R. S. address I shall
be so much obliged:- I look
with despair on such a session's
work as I had last, &amp; I long
inexpressibly to throw off
the
&amp; society
load of London work &amp; keep

to Kew.
I should like
to say something about Fossil
Botany, &amp; to allude to the
researches
biological matters in which the
instruments exhibited at
S. Kensington are concerned,
but feel sadly incompetent.
I find it so difficult to</Unicode>
            </TextEquiv>
        </TextRegion>
    </Page>
</PcGts>
