1534 2426
153 151 632 316 big plants.
253 194 1490 396 Danvers says that Cross' little
163 332 1417 521 game is to take all out, & that
224 621 1315 680 back again to America for
211 487 1368 574 if all die he will be sent
186 729 415 826 more.
234 767 1375 960 Welwitschia seeds are growing
149 931 556 1056 splendidly.
203 964 1500 1153 More Cow-tree seeds have come.
118 1101 1500 1280 I am having 2 Wards' cases planted
24 1203 1420 1392 with them, to send where you
156 1353 662 1467 think best.
155 1403 1462 1552 Bulbophyllum Beccarii has been here
99 1495 1443 1660 for figuring, its stench is so horrible
123 1587 1375 1703 that poor Miss Smith, who has
153 1682 1386 1823 been most brave about it, was
130 1783 1339 1906 obliged to knock under. The
141 1882 1314 2009 leaves are like coal scuttles, the
174 1985 1349 2139 bunch of flowers very poor, &
115 2066 1370 2182 the odor the worst I know in the
142 2170 1394 2307 Veg. Kingdom & the most obtrusive.
262 2257 1455 2361 I have surveyed the whole Arboretum
