1198 1863
76 49 1116 190 built in a day & whilst I cannot
68 145 1111 272 too highly appreciate your zeal &
49 235 1110 370 the astonishing amount of work
86 344 1073 451 you have gone through, & the
60 435 1083 563 energy you are prepared to throw
74 524 1097 648 into the continuance of it all,
79 667 1126 747 I cannot but feel that you may
76 717 1142 806 overdo it. I am more accustomed
88 791 1085 945 to the delays disappointments &c
88 904 1102 1013 that attend all great work under
64 1001 1110 1100 indifferent masters than you are.
490 1067 831 1151 in the Navy &c
82 1082 1139 1228 I had plenty of it during the first
85 1175 1150 1300 five years of my Directorship -- I had
68 1277 1131 1426 the same fights about alterations &
68 1367 1093 1468 repairs, the same struggles to get
78 1455 1063 1597 new buildings, additions to old,
102 1635 1097 1768 staff for Gardens Herbarium & Library.
87 1608 1124 1641 & above all to get the increased
102 1731 1001 1808 Happily I was well seconded by
