1350 2224
76 73 1117 213 forth. He declares himself
57 181 1323 324 positively informed that the Curatorship
62 268 1250 426 was offered to Dunne & talked of
93 374 1235 511 some one "whose legs had been
74 475 1249 641 made by mahogany" that was
86 588 1265 750 authority for my having (I suppose)
108 699 1206 856 offered it to him through the
85 818 1267 985 D. of Buccleugh! -- I informed him
93 921 1284 1060 that I had never had any commun-
106 1036 1254 1182 cation with the D. of B. in my life
116 1145 1239 1267 but once, at Norwich in 1868
122 1227 1251 1352 I heard his name mentioned
60 1331 1152 1490 in connection with the garden.
112 1444 1168 1618 It is very likely that that Dunne
87 1543 1189 1683 hearing of the illness of Smith
104 1644 1219 1780 had the Dukes promise of getting
118 1742 1256 1876 the place for him & the D. may
145 1847 1071 1955 have spoken to Noel or
102 1954 433 2075 Mitford.
163 2029 1277 2158 Smith went away mollified if
1199 2097 1241 2189 a
1025 2111 1179 2193 he w
83 2115 958 2229 not satisfied. Owing that
