1387 2175
101 190 201 266 an
1081 33 1227 156 176
715 88 1101 204 Ospringe
821 188 1270 282 Bedford Avenue
651 280 1132 374 Bexhill on Sea
805 388 1231 487 Dec 26 1902
166 475 555 576 My dear Dyer
397 563 1259 690 Thank you for your letter -- I
186 688 1169 818 heard from Willy of your return in
165 803 1192 901 good health.  Also of poor Harriet's
169 881 1281 984 influenza, which must be a trial to
211 958 1236 1085 you in which we do sympathise -- I
190 1053 1276 1154 wrote her my Xmas greetings. If you
194 1162 1261 1243 were late in taking your holiday we
193 1238 1254 1327 are later -- & it remains to be seen
178 1325 1262 1409 how the weather able will favour us.
186 1433 1269 1501 Matte had been a good deal pulled
175 1516 1290 1619 down & heard of this air being bracing
167 1610 1260 1719 so we have determined to try it for a
175 1705 1221 1806 month. Except for 6 days when we
168 1806 1188 1895 went to Hereford & Oakwood we
131 1870 1241 1959 have been at home all the year. When
467 1951 619 2014 place
155 1967 1286 2074 at the latter we drove over to see your
