1395 2171
739 50 1057 167 Arundall
813 151 1281 267 Littlehampton
61 246 120 327 11
971 248 1244 381 May 8/97
183 431 618 584 My dear Dyer
399 556 1276 687 I have taken the opinions of
178 656 1255 783 Mr Rising of Yarmouth, & of Mr
182 748 1214 881 F. Symonds of Hereford & both say
210 886 1303 978 that sons & son's in law are quite
246 980 1219 1098 competent to be Trustees in the
257 1099 1206 1201 present case. notwithstanding
281 1194 1163 1306 being beneficiaries. I shall
261 1295 1253 1409 therefore, having your permission
288 1409 1230 1521 add Willy's & Charlie's names.
437 1513 1267 1638 I went to see Capt
265 1641 1148 1733 Oliver at Findon yesterday
260 1737 1322 1859 10 miles off, in a very pretty spot
281 1857 1137 1944 on the Downs. -- he has a
275 1963 1305 2047 wonderfull collection of sketches
