1365 2220
82 53 1300 232 youth, he tells me to day that it is
19 175 1311 309 arranged that Cooper's hill takes half
31 256 1181 405 the Nancy men at once -- he has a
37 362 1205 489 profound contempt for the whole
37 458 1298 603 Nancy teaching, & complains of not
51 539 1203 672 having Botany enough to make
103 606 1279 746 good use of the Museums contents.
243 692 1256 809 Mallet writes that the Govt. of
68 774 1094 899 India cannot sanction Watts
63 846 1263 993 return to Mannopore -- & adds that if
103 951 1221 1075 I saw Barings' letter I would be
116 1031 1227 1176 quite satisfied -- I have answered
76 1118 1236 1260 that I had never asked anything
92 1176 1129 1337 but Watts' appt. as Residency
58 1277 1141 1435 Surgeon at M. -- according to the
405 1388 537 1435 own
77 1343 1244 1514 Residents wishes -- that the sending
87 1443 1208 1589 him on the survey was none of my
69 1528 1178 1710 doing (but having done this they
35 1628 1223 1768 should have let him finish his
85 1760 299 1856 work.)
180 1744 1126 1924 No news about the Madras
53 1893 1168 1996 appt. -- Walker writes sore about
27 1966 1136 2104 not having been consulted, & is
70 2097 1249 2138 getting you Cycads. Two C. siamensis
