1268 1851
29 68 1211 150 Smith -- but or the other hand I had
41 138 1115 271 far less consideration with the Board
60 224 1133 340 than I now have. So my dear Dyer
65 316 1156 419 do calm yourself "servate anonam
62 415 1131 540 Aquarn"- & believe me, that though
75 521 1109 616 all will not turn out exactly as
75 591 1136 714 we wish, it will be better than you
68 721 269 809 expect.
94 774 1092 920 You must give me more to do
51 859 1105 999 when I return.  I quite & I warmly
75 964 1065 1100 appreciate your sparing me for
81 1028 1058 1196 the Gen. Plant. & Flora B.I. but
87 1159 1039 1290 when stress of work comes, such
102 1236 1018 1383 things must give place to
94 1326 1127 1468 less pleasant duties. Remember
87 1390 1086 1554 too that unsatisfactory as much
81 1495 1095 1639 of our labours are, the turn out of
74 1580 1187 1748 satisfactory work as you show yourself
47 1660 1065 1802 in the Report, is very great indeed,
