1575 2517
169 108 1402 165 British Association for the Advancement of Science.
547 170 1020 269 Southampton Meeting
734 256 834 326 1882
899 310 1208 479 Reception Room
802 420 1435 597 Thursday August, 1882
183 654 592 827 Dear Dyer
541 730 1488 928 You will be glad to hear
207 901 1416 1073 something of our goings on here.
224 1030 1367 1193 There is not much to report.
215 1079 1437 1292 I have just seen the only other
218 1265 1394 1389 Botanist other than self, i.e.
204 1397 1381 1524 Ball who has only now arrived.
213 1497 1396 1656 By the way Lawson is here.
220 1631 1423 1723 Beyond the Presidents address
213 1717 1240 1881 there was absolutely nothing
223 1828 1502 1945 whatever to do after the Address!
282 1927 1442 2059 SectionA was well attended
231 2050 1477 2242 both to hear the Lord's (Rayleigh's)
218 2213 1351 2361 address & G. Darwins very
224 2389 1330 2420 remarkable paper on the
