<?xml version="1.0" encoding="UTF-8" standalone="yes"?>
<PcGts xmlns="http://schema.primaresearch.org/PAGE/gts/pagecontent/2013-07-15" xmlns:xsi="http://www.w3.org/2001/XMLSchema-instance" xsi:schemaLocation="http://schema.primaresearch.org/PAGE/gts/pagecontent/2013-07-15 http://schema.primaresearch.org/PAGE/gts/pagecontent/2013-07-15/pagecontent.xsd">
    <Metadata>
        <Creator>prov=READ-COOP:name=PyLaia@TranskribusPlatform:version=1.6.0:model_id=50597:lm=none:date=20_03_2023_12:39</Creator>
        <Created>2023-03-20T13:11:42.353+01:00</Created>
        <LastChange>2023-05-17T15:29:07.488+02:00</LastChange>
        <TranskribusMetadata docId="1368398" pageId="53385102" pageNr="1" tsid="121985169" status="DONE" userId="43461" imgUrl="https://files.transkribus.eu/Get?id=BPHCRLHDSXOJOEPZLOZDCDFH&amp;fileType=view" xmlUrl="https://files.transkribus.eu/Get?id=VFRCNDLQXLCOADBYZEZHBNUX" imageId="43359029"/>
    </Metadata>
    <Page imageFilename="JDH_2_16_96_001.jpg" imageWidth="1373" imageHeight="2209">
        <ReadingOrder>
            <OrderedGroup id="ro_1684330738051" caption="Regions reading order">
                <RegionRefIndexed index="0" regionRef="tr_3"/>
                <RegionRefIndexed index="1" regionRef="r"/>
            </OrderedGroup>
        </ReadingOrder>
        <Relations/>
        <TextRegion id="tr_3" custom="readingOrder {index:0;}">
            <Coords points="558,66 1274,66 1274,390 558,390"/>
            <TextLine id="tr_3_tl_4" custom="readingOrder {index:0;}">
                <Coords points="551,308 584,310 627,286 677,306 710,291 766,292 797,311 828,300 825,220 797,217 768,241 734,225 661,255 594,211 546,209"/>
                <Baseline points="558,284 588,280 618,282 648,284 678,286 708,286 738,286 768,288 798,288 828,294 830,294"/>
                <TextEquiv>
                    <Unicode>Cragside.</Unicode>
                </TextEquiv>
            </TextLine>
            <TextLine id="l_965" custom="readingOrder {index:1;}">
                <Coords points="708,198 734,198 764,192 794,190 824,188 854,188 884,188 914,188 944,190 974,192 1004,188 1032,196 1056,188 1086,184 1116,182 1146,180 1176,178 1175,163 1145,165 1115,167 1085,169 1053,173 1032,181 1005,173 974,177 945,175 914,173 884,173 854,173 824,173 793,175 762,177 733,183 708,183"/>
                <Baseline points="708,198 734,198 764,192 794,190 824,188 854,188 884,188 914,188 944,190 974,192 1004,188 1032,196 1056,188 1086,184 1116,182 1146,180 1176,178"/>
                <TextEquiv>
                    <Unicode>October /85 </Unicode>
                </TextEquiv>
            </TextLine>
            <TextLine id="tr_3_tl_5" custom="readingOrder {index:2;}">
                <Coords points="581,394 686,385 777,405 820,382 819,340 797,329 761,338 736,319 717,329 658,314 637,326 597,300 576,311"/>
                <Baseline points="588,372 616,366 646,366 676,368 706,370 736,370 766,372 796,376 824,380"/>
                <TextEquiv>
                    <Unicode>Rothbury.</Unicode>
                </TextEquiv>
            </TextLine>
            <TextEquiv>
                <Unicode></Unicode>
            </TextEquiv>
        </TextRegion>
        <TextRegion id="r" custom="readingOrder {index:1;}">
            <Coords points="54,428 1330,428 1334,1292 1334,2158 64,2158 54,1338"/>
            <TextLine id="tr_2_tl_1" custom="readingOrder {index:0;}">
                <Coords points="112,500 147,498 198,540 267,492 402,508 426,490 524,524 552,504 597,509 599,452 538,447 488,412 402,461 247,431 208,399 112,410"/>
                <Baseline points="120,494 122,492 152,490 182,484 212,486 242,486 272,486 302,486 332,486 362,488 392,488 422,488 452,486 482,486 512,484 542,482 572,480 602,478"/>
                <TextEquiv>
                    <Unicode>My dear Dyer</Unicode>
                </TextEquiv>
            </TextLine>
            <TextLine id="tr_2_tl_2" custom="readingOrder {index:1;}">
                <Coords points="262,599 959,575 1079,621 1186,568 1312,583 1328,536 1258,512 1162,546 1063,501 715,562 571,512 474,563 348,511 263,535"/>
                <Baseline points="270,590 280,590 310,588 340,586 370,586 400,584 430,584 460,584 490,584 520,584 550,582 580,582 610,580 640,580 670,580 700,578 730,578 760,578 790,576 820,574 850,572 880,572 910,572 940,572 970,572 1000,570 1030,568 1060,568 1090,566 1120,566 1150,568 1180,564 1210,564 1240,564 1270,564 1300,562 1330,564"/>
                <TextEquiv>
                    <Unicode>I have been meditating upon</Unicode>
                </TextEquiv>
            </TextLine>
            <TextLine id="tr_2_tl_3" custom="readingOrder {index:2;}">
                <Coords points="45,678 565,656 640,696 1015,642 1167,672 1328,642 1330,603 1168,576 1079,621 1015,579 335,635 195,568 46,592"/>
                <Baseline points="54,660 70,660 100,656 130,656 160,656 190,658 220,658 250,656 280,656 310,656 340,656 370,654 400,654 430,654 460,656 490,656 520,656 550,654 580,654 610,654 640,652 670,654 700,652 730,650 760,648 790,648 820,646 850,646 880,644 910,644 940,644 970,642 1000,642 1030,640 1060,640 1090,638 1120,638 1150,638 1180,636 1210,634 1240,632 1270,630 1300,632 1330,632"/>
                <TextEquiv>
                    <Unicode>the best method of putting the supreme</Unicode>
                </TextEquiv>
            </TextLine>
            <TextLine id="tr_2_tl_4" custom="readingOrder {index:3;}">
                <Coords points="70,760 998,757 1323,710 1326,643 1105,691 878,656 648,704 73,683"/>
                <Baseline points="80,742 98,740 128,738 158,738 188,738 218,736 248,736 278,736 308,734 338,734 368,734 398,734 428,734 458,734 488,734 518,732 548,732 578,732 608,732 638,730 668,730 698,730 728,726 758,726 788,724 818,724 848,722 878,720 908,720 938,718 968,718 998,718 1028,716 1058,714 1088,714 1118,710 1148,710 1178,708 1208,708 1238,708 1268,706 1298,706 1328,706"/>
                <TextEquiv>
                    <Unicode>administration of the establishment to</Unicode>
                </TextEquiv>
            </TextLine>
            <TextLine id="tr_2_tl_5" custom="readingOrder {index:4;}">
                <Coords points="85,820 1282,798 1282,753 1122,739 642,752 570,793 86,768"/>
                <Baseline points="94,820 114,816 144,814 174,810 204,810 234,808 264,806 294,808 324,808 354,806 384,808 414,806 444,806 474,806 504,806 534,806 564,806 594,806 624,804 654,804 684,802 714,802 744,800 774,798 804,798 834,798 864,796 894,796 924,794 954,794 984,792 1014,792 1044,790 1074,790 1104,786 1134,786 1164,784 1194,784 1224,786 1254,786 1284,790"/>
                <TextEquiv>
                    <Unicode>which we are both devoted upon a</Unicode>
                </TextEquiv>
            </TextLine>
            <TextLine id="tr_2_tl_6" custom="readingOrder {index:5;}">
                <Coords points="107,902 259,889 310,915 380,888 479,924 544,889 546,843 504,848 453,809 402,835 359,817 316,843 212,817 184,838 161,820 109,824"/>
                <Baseline points="116,884 128,884 158,880 188,878 218,878 248,878 278,878 308,880 338,878 368,876 398,874 428,872 458,872 488,872 518,874 548,876"/>
                <TextEquiv>
                    <Unicode>better footing.</Unicode>
                </TextEquiv>
            </TextLine>
            <TextLine id="tr_2_tl_7" custom="readingOrder {index:6;}">
                <Coords points="152,977 1023,953 1218,923 1220,883 789,865 575,934 155,892"/>
                <Baseline points="162,958 172,956 202,954 232,954 262,956 292,956 322,954 352,952 382,950 412,950 442,948 472,948 502,946 532,946 562,944 592,944 622,942 652,938 682,938 712,936 742,936 772,936 802,934 832,932 862,932 892,932 922,928 952,926 982,922 1012,920 1042,920 1072,920 1102,918 1132,916 1162,916 1192,918 1222,922"/>
                <TextEquiv>
                    <Unicode>The following matters oppress me.</Unicode>
                </TextEquiv>
            </TextLine>
            <TextLine id="tr_2_tl_8" custom="readingOrder {index:7;}">
                <Coords points="62,1046 1298,1002 1301,956 1146,934 65,1010"/>
                <Baseline points="72,1044 74,1046 104,1044 134,1044 164,1040 194,1038 224,1034 254,1034 284,1032 314,1030 344,1028 374,1028 404,1026 434,1022 464,1022 494,1020 524,1020 554,1018 584,1016 614,1014 644,1014 674,1012 704,1010 734,1010 764,1008 794,1006 824,1006 854,1004 884,1002 914,1000 944,998 974,996 1004,994 1034,992 1064,988 1094,988 1124,986 1154,982 1184,982 1214,982 1244,980 1274,980 1304,982"/>
                <TextEquiv>
                    <Unicode>I   I ought not longer to delay informing</Unicode>
                </TextEquiv>
            </TextLine>
            <TextLine id="tr_2_tl_9" custom="readingOrder {index:8;}">
                <Coords points="110,1135 1156,1081 1307,1062 1311,1009 115,1062"/>
                <Baseline points="120,1118 142,1114 172,1114 202,1112 232,1108 262,1106 292,1104 322,1098 352,1096 382,1094 412,1092 442,1092 472,1090 502,1088 532,1084 562,1082 592,1080 622,1080 652,1078 682,1078 712,1074 742,1074 772,1074 802,1074 832,1070 862,1070 892,1068 922,1070 952,1068 982,1066 1012,1062 1042,1060 1072,1056 1102,1054 1132,1052 1162,1054 1192,1052 1222,1052 1252,1052 1282,1054 1312,1056"/>
                <TextEquiv>
                    <Unicode>the Board that it expends £300 pr an</Unicode>
                </TextEquiv>
            </TextLine>
            <TextLine id="tr_2_tl_10" custom="readingOrder {index:9;}">
                <Coords points="121,1207 1263,1154 1266,1087 1186,1073 1055,1127 919,1082 682,1145 318,1113 125,1145"/>
                <Baseline points="132,1186 158,1184 188,1180 218,1178 248,1178 278,1176 308,1178 338,1174 368,1174 398,1170 428,1170 458,1168 488,1166 518,1166 548,1162 578,1162 608,1158 638,1158 668,1156 698,1154 728,1152 758,1150 788,1148 818,1146 848,1146 878,1144 908,1144 938,1142 968,1138 998,1136 1028,1140 1058,1138 1088,1134 1118,1132 1148,1130 1178,1130 1208,1132 1238,1130 1268,1136"/>
                <TextEquiv>
                    <Unicode>on a Curator one moiety of whose</Unicode>
                </TextEquiv>
            </TextLine>
            <TextLine id="tr_2_tl_11" custom="readingOrder {index:10;}">
                <Coords points="144,1267 484,1242 552,1282 736,1221 873,1259 1149,1204 1271,1234 1283,1175 1057,1145 844,1196 466,1173 334,1228 145,1221"/>
                <Baseline points="152,1256 176,1254 206,1252 236,1252 266,1250 296,1250 326,1250 356,1248 386,1248 416,1246 446,1242 476,1238 506,1234 536,1232 566,1230 596,1228 626,1226 656,1224 686,1222 716,1220 746,1220 776,1220 806,1218 836,1218 866,1214 896,1212 926,1212 956,1210 986,1206 1016,1204 1046,1202 1076,1202 1106,1200 1136,1200 1166,1200 1196,1200 1226,1200 1256,1202 1286,1204"/>
                <TextEquiv>
                    <Unicode>duties (that of supervising cultivation)</Unicode>
                </TextEquiv>
            </TextLine>
            <TextLine id="tr_2_tl_12" custom="readingOrder {index:11;}">
                <Coords points="142,1326 208,1366 468,1314 592,1354 706,1303 894,1328 1251,1272 1255,1213 1192,1204 1101,1242 1031,1212 824,1266 259,1263 145,1298"/>
                <Baseline points="152,1326 176,1326 206,1328 236,1326 266,1324 296,1324 326,1322 356,1322 386,1320 416,1318 446,1314 476,1312 506,1310 536,1308 566,1304 596,1304 626,1302 656,1298 686,1298 716,1298 746,1296 776,1296 806,1296 836,1292 866,1290 896,1286 926,1286 956,1284 986,1278 1016,1276 1046,1274 1076,1272 1106,1272 1136,1270 1166,1268 1196,1266 1226,1268 1256,1274"/>
                <TextEquiv>
                    <Unicode>is performed by others, &amp; of the other</Unicode>
                </TextEquiv>
            </TextLine>
            <TextLine id="tr_1_tl_1" custom="readingOrder {index:12;}">
                <Coords points="129,1405 289,1432 825,1368 955,1398 1033,1350 1245,1365 1250,1301 131,1366"/>
                <Baseline points="138,1398 140,1396 170,1396 200,1394 230,1394 260,1394 290,1392 320,1392 350,1392 380,1390 410,1388 440,1386 470,1382 500,1380 530,1380 560,1378 590,1376 620,1376 650,1376 680,1376 710,1374 740,1372 770,1370 800,1366 830,1366 860,1366 890,1362 920,1360 950,1360 980,1358 1010,1354 1040,1350 1070,1346 1100,1346 1130,1342 1160,1342 1190,1342 1220,1344 1250,1350"/>
                <TextEquiv>
                    <Unicode>moiety a half is executed by clerks.</Unicode>
                </TextEquiv>
            </TextLine>
            <TextLine id="tr_1_tl_4" custom="readingOrder {index:13;}">
                <Coords points="128,1555 426,1516 538,1574 758,1505 1282,1515 1283,1461 1204,1429 765,1470 132,1451"/>
                <Baseline points="138,1532 146,1530 176,1524 206,1524 236,1524 266,1522 296,1520 326,1518 356,1518 386,1516 416,1514 446,1514 476,1514 506,1512 536,1512 566,1508 596,1506 626,1502 656,1500 686,1500 716,1500 746,1498 776,1496 806,1496 836,1496 866,1494 896,1492 926,1488 956,1488 986,1488 1016,1488 1046,1488 1076,1490 1106,1490 1136,1492 1166,1490 1196,1490 1226,1492 1256,1492 1286,1494"/>
                <TextEquiv>
                    <Unicode>performance of my own duties. You</Unicode>
                </TextEquiv>
            </TextLine>
            <TextLine id="l" custom="readingOrder {index:14;}">
                <Coords points="64,1470 94,1472 124,1470 148,1474 182,1466 206,1462 236,1460 266,1460 296,1456 326,1454 356,1456 386,1456 416,1454 446,1452 476,1452 506,1450 536,1450 566,1448 596,1446 626,1444 656,1444 686,1444 716,1442 746,1442 776,1440 806,1438 836,1438 866,1436 896,1436 926,1434 956,1430 986,1430 1016,1426 1046,1422 1076,1420 1106,1420 1136,1420 1166,1420 1196,1422 1226,1420 1256,1420 1286,1418 1316,1422 1318,1407 1286,1403 1256,1405 1226,1405 1196,1407 1166,1405 1136,1405 1106,1405 1076,1405 1045,1407 1014,1411 985,1415 955,1415 925,1419 896,1421 866,1421 836,1423 806,1423 775,1425 746,1427 716,1427 686,1429 656,1429 626,1429 595,1431 565,1433 536,1435 506,1435 476,1437 446,1437 415,1439 386,1441 356,1441 326,1439 295,1441 265,1445 236,1445 204,1447 179,1451 148,1459 125,1455 94,1457 65,1455"/>
                <Baseline points="64,1470 94,1472 124,1470 148,1474 182,1466 206,1462 236,1460 266,1460 296,1456 326,1454 356,1456 386,1456 416,1454 446,1452 476,1452 506,1450 536,1450 566,1448 596,1446 626,1444 656,1444 686,1444 716,1442 746,1442 776,1440 806,1438 836,1438 866,1436 896,1436 926,1434 956,1430 986,1430 1016,1426 1046,1422 1076,1420 1106,1420 1136,1420 1166,1420 1196,1422 1226,1420 1256,1420 1286,1418 1316,1422"/>
                <TextEquiv>
                    <Unicode>II  I am not at ease in respect of the</Unicode>
                </TextEquiv>
            </TextLine>
            <TextLine id="tr_1_tl_5" custom="readingOrder {index:15;}">
                <Coords points="139,1633 1309,1587 1333,1516 913,1516 500,1579 420,1544 287,1588 142,1555"/>
                <Baseline points="148,1614 164,1608 194,1604 224,1604 254,1602 284,1602 314,1602 344,1602 374,1598 404,1596 434,1596 464,1596 494,1594 524,1594 554,1592 584,1590 614,1590 644,1588 674,1586 704,1582 734,1580 764,1580 794,1580 824,1580 854,1576 884,1574 914,1572 944,1570 974,1568 1004,1566 1034,1564 1064,1564 1094,1564 1124,1564 1154,1562 1184,1560 1214,1558 1244,1558 1274,1558 1304,1560 1334,1564"/>
                <TextEquiv>
                    <Unicode>have releived me of all administration</Unicode>
                </TextEquiv>
            </TextLine>
            <TextLine id="tr_1_tl_6" custom="readingOrder {index:16;}">
                <Coords points="145,1732 452,1665 1280,1635 1248,1563 779,1631 661,1599 568,1646 297,1607 150,1651"/>
                <Baseline points="158,1682 174,1682 204,1684 234,1680 264,1680 294,1676 324,1674 354,1672 384,1670 414,1668 444,1666 474,1664 504,1662 534,1662 564,1662 594,1660 624,1656 654,1654 684,1652 714,1648 744,1648 774,1646 804,1644 834,1642 864,1640 894,1638 924,1636 954,1634 984,1634 1014,1632 1044,1632 1074,1630 1104,1628 1134,1628 1164,1628 1194,1628 1224,1628 1254,1626 1284,1630"/>
                <TextEquiv>
                    <Unicode>of the Garden, have undertaken the</Unicode>
                </TextEquiv>
            </TextLine>
            <TextLine id="tr_1_tl_7" custom="readingOrder {index:17;}">
                <Coords points="166,1764 1247,1716 1250,1649 1159,1681 1097,1638 742,1666 662,1711 500,1687 439,1721 385,1686 168,1722"/>
                <Baseline points="174,1754 200,1750 230,1748 260,1748 290,1744 320,1742 350,1742 380,1740 410,1738 440,1738 470,1734 500,1732 530,1730 560,1728 590,1728 620,1726 650,1724 680,1722 710,1722 740,1718 770,1716 800,1714 830,1710 860,1708 890,1704 920,1702 950,1700 980,1698 1010,1698 1040,1696 1070,1696 1100,1696 1130,1696 1160,1694 1190,1692 1220,1696 1250,1700"/>
                <TextEquiv>
                    <Unicode>curator's duties as cultivator &amp;c,</Unicode>
                </TextEquiv>
            </TextLine>
            <TextLine id="tr_1_tl_8" custom="readingOrder {index:18;}">
                <Coords points="136,1828 1288,1797 1291,1716 715,1780 560,1729 137,1772"/>
                <Baseline points="144,1826 152,1824 182,1820 212,1820 242,1818 272,1818 302,1816 332,1814 362,1810 392,1810 422,1808 452,1806 482,1804 512,1802 542,1800 572,1798 602,1798 632,1798 662,1796 692,1794 722,1792 752,1792 782,1790 812,1788 842,1786 872,1782 902,1780 932,1778 962,1774 992,1774 1022,1774 1052,1774 1082,1772 1112,1772 1142,1772 1172,1770 1202,1770 1232,1770 1262,1772 1292,1774"/>
                <TextEquiv>
                    <Unicode>have kept up &amp; enormously increased</Unicode>
                </TextEquiv>
            </TextLine>
            <TextLine id="tr_1_tl_9" custom="readingOrder {index:19;}">
                <Coords points="147,1904 1275,1860 1293,1817 1167,1778 932,1836 838,1799 752,1836 594,1804 498,1852 407,1818 150,1842"/>
                <Baseline points="156,1894 186,1890 216,1890 246,1888 276,1886 306,1884 336,1880 366,1876 396,1876 426,1874 456,1872 486,1870 516,1870 546,1870 576,1866 606,1866 636,1862 666,1862 696,1862 726,1862 756,1860 786,1860 816,1856 846,1854 876,1854 906,1850 936,1848 966,1846 996,1844 1026,1842 1056,1840 1086,1838 1116,1840 1146,1836 1176,1834 1206,1834 1236,1834 1266,1836 1296,1842"/>
                <TextEquiv>
                    <Unicode>the Indian, Foreign, Colonial &amp; Home</Unicode>
                </TextEquiv>
            </TextLine>
            <TextLine id="tr_1_tl_10" custom="readingOrder {index:20;}">
                <Coords points="153,1965 1081,1909 1323,1938 1303,1877 1033,1844 974,1885 578,1919 156,1904"/>
                <Baseline points="164,1954 188,1952 218,1952 248,1950 278,1948 308,1948 338,1948 368,1944 398,1942 428,1942 458,1940 488,1938 518,1938 548,1940 578,1938 608,1938 638,1938 668,1938 698,1936 728,1936 758,1934 788,1932 818,1928 848,1926 878,1922 908,1922 938,1918 968,1918 998,1914 1028,1912 1058,1908 1088,1906 1118,1908 1148,1904 1178,1902 1208,1902 1238,1906 1268,1910 1298,1916 1328,1928"/>
                <TextEquiv>
                    <Unicode>correspondence, extended the Museums</Unicode>
                </TextEquiv>
            </TextLine>
            <TextLine id="tr_1_tl_11" custom="readingOrder {index:21;}">
                <Coords points="155,2035 605,2002 913,2034 1007,1994 1098,2035 1232,1999 1234,1943 156,1967"/>
                <Baseline points="164,2026 184,2024 214,2022 244,2018 274,2018 304,2016 334,2014 364,2012 394,2010 424,2006 454,2006 484,2004 514,2002 544,2002 574,2000 604,2000 634,2000 664,2004 694,2002 724,2002 754,2000 784,2000 814,1998 844,1994 874,1992 904,1990 934,1992 964,1996 994,1994 1024,1988 1054,1986 1084,1986 1114,1986 1144,1984 1174,1986 1204,1988 1234,1994"/>
                <TextEquiv>
                    <Unicode>&amp; conducted endless petty, &amp; often</Unicode>
                </TextEquiv>
            </TextLine>
            <TextLine id="tr_1_tl_12" custom="readingOrder {index:22;}">
                <Coords points="148,2091 421,2082 474,2117 1087,2053 1245,2085 1248,1999 1191,1991 1106,2037 975,2000 916,2040 736,2008 150,2046"/>
                <Baseline points="158,2088 170,2086 200,2084 230,2084 260,2082 290,2082 320,2082 350,2082 380,2078 410,2078 440,2076 470,2076 500,2074 530,2070 560,2070 590,2070 620,2072 650,2070 680,2066 710,2066 740,2066 770,2064 800,2064 830,2062 860,2062 890,2062 920,2062 950,2058 980,2056 1010,2056 1040,2054 1070,2052 1100,2052 1130,2052 1160,2052 1190,2052 1220,2054 1250,2058"/>
                <TextEquiv>
                    <Unicode>vexatious jobs; leaving me the</Unicode>
                </TextEquiv>
            </TextLine>
            <TextLine id="tr_1_tl_13" custom="readingOrder {index:23;}">
                <Coords points="139,2152 1250,2147 1296,2133 1298,2056 975,2061 860,2104 610,2078 551,2125 140,2109"/>
                <Baseline points="148,2148 160,2148 190,2148 220,2146 250,2144 280,2144 310,2144 340,2144 370,2146 400,2146 430,2144 460,2144 490,2142 520,2138 550,2140 580,2140 610,2136 640,2134 670,2136 700,2134 730,2130 760,2128 790,2126 820,2124 850,2124 880,2124 910,2126 940,2124 970,2124 1000,2122 1030,2122 1060,2122 1090,2120 1120,2120 1150,2118 1180,2118 1210,2118 1240,2118 1270,2120 1300,2122"/>
                <TextEquiv>
                    <Unicode>Arboretum in the hopes that I should</Unicode>
                </TextEquiv>
            </TextLine>
            <TextEquiv>
                <Unicode></Unicode>
            </TextEquiv>
        </TextRegion>
    </Page>
</PcGts>
