1376 2163
53 62 1178 215 clearly products of a deceived
44 140 1330 260 imagination. but my dear fellow
862 198 1053 258 draw
1040 212 1224 305 the
62 235 995 381 you must not take up
60 298 1343 437 sword; - you have quite just extinguished
441 387 1251 508 it will not do for
65 439 416 552 Balfour
437 489 683 558 yourself in
69 485 1261 656 you to establish the position of
80 593 1319 720 Censor General, especially in a case
102 674 1306 820 like this, which is so bad, that
76 755 1287 931 every one knows it, & it is best
97 842 1309 1011 passed over in silent contempt.
94 960 1304 1087 The plates damn themselves -
108 1045 1294 1203 I will speak to Bentham when I
89 1145 1294 1322 return -- but I did so as strongly
93 1234 1324 1372 as possible before the paper went
96 1352 1333 1470 in; & again when you & I heard of
128 1436 1251 1572 the publication. It is Curry &
133 1535 1227 1670 Allman who are most to
115 1658 1264 1805 blame, as is W. Smith in not
133 1767 1253 1898 putting his opinion in writing
124 1849 727 1982 for the Council.
147 1937 1285 2093 On to the R. S. address, I fancy
