1536 2420
144 983 1301 1133 plants were as fine in No 1 & in the
137 1069 1363 1229 Museum No 3, as ever the to I saw them
152 1146 1347 1314 in Australia & a reference to the figures of
128 1247 1392 1398 S. Europe, Cape & Australia plants in the old
131 1334 1326 1500 vols of Bot. Mag, shows what was then
132 742 1261 878 should not stand on open wood-work.
112 832 1354 953 However more can be done than is done
123 940 1362 1042 In old days the Banksias & other Australian
88 383 1366 514 House -- we shall do very well in the wings
57 480 573 581 would better in wings
113 453 1387 589 but what the centre wants is spring heat
99 543 1357 733 & that sets the things in the ground off too
120 648 1402 825 fast & dries the pots on the shelves which
1189 316 1440 404 octagons &
164 1427 1162 1579 done under wretched glass houses.
265 1496 1365 1718 We have settled on deBarg,  & he will I
144 1652 841 1754 hope be carried.
129 1794 1346 1931 a fortnight. I told him to prepare the
282 1753 1422 1826 Bliss goes a his holiday tomorrow for
145 1876 1288 2042 pay sheets before he went for the
160 2010 453 2118 fortnight.
201 2034 1386 2192 Smith came back last Friday night to
129 2152 1363 2286 put his house in order, & in 10 days will
187 2279 1350 2342 leave for the West, he calls himself
