1389 2175
132 87 1167 205 £90. I think it was the Carron
131 181 1305 321 Cmpy (Iron-founders, hence "Carronards")
110 288 1242 408 that undertook this. I find by the
122 406 1353 509 correspondence alluded to, that in Novr  1841
126 509 1221 606 he had overdrawn his account at the
130 599 1340 721 Bank by £1,600! & had then no end
156 702 1331 822 of outstanding bills, including upward of
137 800 1265 941 £60 to Cuming and upward of £80 to
162 901 1276 982 Taylor & co for work done on "Musci
296 969 576 1037 Exotic Flora"
135 984 1310 1099 Exotici" 20 years previously!! a bill never
156 1075 1217 1186 before presented! & which I guess he
968 1146 1116 1197 works
156 1174 1226 1284 disputed -- I knew that these & the
512 1252 1286 1337 had cost him large sums.
138 1280 572 1372 Brit. Jungermanniae
156 1339 1263 1456 You may imagine his horror at such a
163 1430 1263 1546 bill being presented in the middle of his
150 1530 736 1633 Kew embarckment.
274 1608 1307 1742 Also I find that Aiton in making
125 1727 1216 1819 over charge, claimed all the books &
160 1812 1230 1920 documents in his house as private
872 1876 1108 1949 ahead!
194 1912 1292 2014 property -- & had them all sent to
162 2004 1254 2117 his brother's. Helois. This my father
