1373 2175
681 0 906 78 all round
1002 0 1078 88 to
24 32 1300 175 establishment on a good footing & subsidize
6 133 1281 235 the great changes which you agree with me
18 224 1251 331 in thinking politic, but which nothing but
26 280 181 341 such
21 287 1305 397 gant, a lever as my retirement would be
2 363 203 431 likely to
16 373 993 463 induce the Board to undertake.
53 416 1323 552 Then with regard to the Arboretum, whetever
52 564 1266 599 is done there now should have your
87 638 1214 677 cordial approval -- The transplanting of
61 681 1331 809 a large proportion of the collection trees should
61 778 1321 881 have been effected 4-- 6 years ago & but
980 817 1126 879 I hope
59 836 1273 972 for Smith's break down would  have
70 911 1219 1047 been. The work I & Smith had for
53 988 1209 1148 10 years in undoing what my father
72 1518 1209 1627 Truelove, & Nicholson, should not be
77 1595 1279 1693 difficult -- Of course I should give every
237 1669 389 1717 even if
66 1673 1257 1776 aid (e hal retired). - Then there is the
53 1089 1238 1227 had done, is a warning to me not to
30 1177 1302 1295 tread on the heels of a successor. My idea
48 1265 1283 1358 is that when you shall have done up the
62 1350 1289 1473 Garden, you should direct the replanting of
67 1484 1260 1531 the Arboretum, which with a good bailiff
58 1741 1329 1883 formation of this side of the Lake upon which
37 1829 1308 1957 so much depends, & the utilising many parts
367 1893 548 1952 planting
38 1902 1305 2034 of the grounds by clumps of rare trees For all
38 1971 1303 2072 the above taste & skill are required, & had we
16 2056 2174 2174 equal taste & skill, we should still do all
