1392 2136
87 75 1321 186 aa V. P. on several occasions so
146 159 1233 294 as to attend the Linnean:-
153 291 1238 415 for obvious reasons I could
150 382 1193 494 not do this last winter.
236 465 1201 630 Your notion of rallying the
99 571 1213 712 Biological side of Zoology to the
128 679 1308 788 Linnean is advocated strongly in one
962 772 1247 855 Most
156 769 869 885 of Bentham's addresses.
125 858 1216 992 unhappily this is trending to
647 855 1034 887 "side" of Zoology
138 945 1319 1074 the Royal & I am sitting between
145 1035 1198 1158 two stools. There should be
144 1133 1256 1272 plenty for both, but not for
167 1226 1338 1357 both & the Zoology & Microscopical
164 1335 1269 1471 Societies too. What we really
147 1439 1108 1568 want is to embody the
156 1527 1312 1665 Microscopical with the Linnean,
160 1634 1306 1783 but the tendency to differentiation
1202 1728 1343 1809 think?
97 1736 1309 1873 is too strong for us I fear what do you
184 1822 1280 1969 Lastly if it was a matter affecting
88 1916 1302 2036 Currey alone I would not wonder
97 2006 1316 2118 at your being disposed to leave the
