1539 2426
107 148 1100 280 each to the two youngsters.
82 302 1383 424 King's cases have arrived in wretched
174 394 1318 520 state. I find but one plant
176 491 1425 625 worth having, Magnolia sphenocarpa:
92 617 1440 738 Espeut sends a long yarn & is sending in
189 719 1452 868 50 lbs of dried Bananas wanting us
196 826 959 940 to recommend them!
119 915 1450 1039 Trimen sends 12 pages of a screed, but
131 1036 1366 1163 there is little in it beyond a wail
784 1110 950 1188 Clarke
154 1120 1467 1259 over Haggalle, Cameron being extremely
144 1212 1432 1356 ill with Typhus, as is a Cingalase sent
191 1321 882 1413 up to take his place
89 1354 1385 1489 Horne's book is out, he has sent you
223 1480 427 1577 a copy.
109 1542 1368 1715 Poor Currey is dead, & was buried
221 1633 1359 1819 yesterday -- he died suddenly &
196 1760 1256 1909 has left his Fungi to Kew.
345 1899 1234 2022 With love to Harriet
811 2311 1189 2336 Jos Hooker
668 2084 1194 2120 Ever Affy Yrs
