1347 2252
810 198 1266 364 June 26/77
94 456 655 630 My dear Dyer
373 614 1184 704 I must answer your
93 723 1130 788 notes however briefly if
251 783 1240 953 to say how gratified I am
102 833 249 944 only
112 910 1137 1039 at having received them.
181 1040 1172 1150 I sent your wife & books
129 1110 1124 1285 by passenger train yesterday
154 1245 1182 1364 to Betws-y-coed. -- & have no
144 1342 1273 1497 news of any consequence about
127 1417 1286 1560 the Gardens. Except that I found
156 1535 1260 1670 had (between ourselves) signs
165 1633 1223 1805 of yielding on the part of the
159 1741 1170 1878 Board in the matter of the
149 1854 1227 1965 Wall. I have sent two
129 1947 1239 2090 most vigorous remonstrances
140 2049 1294 2177 & have held out the prospect
