1614 2538
112 163 1536 206 vegetation is so backward that I fear
26 285 1427 326 I shall be too early to find it
4 333 579 474 in a good state.
144 503 1454 552 The weather has been fair on the
97 649 1397 831 fires here in the evening! The Grays
111 617 1490 670 whole, but always cold, & we have
92 794 1431 951 are well, but I think that Dr. G. is
97 921 1396 1072 rather tired of sight seeing; Mrs
123 1002 1567 1151 Gray's appetite for pictures & Churches
121 1101 1436 1280 is insatiable, & she has very good
94 1239 1484 1394 Judgement & a thorough love of act.
86 1348 1561 1522 (Her brother is keeper of the Art Museum,
92 1469 478 1611 at Boston)
131 2218 1464 2365 I need hardly add that if I am at all
125 2304 1489 2418 wanted I do hope you will telegraph to
114 2378 1522 2495 Milan, which we cannot leave till Tuesday
211 1576 1453 1714 With much love to Harriet from
136 1847 1265 1886 Lady H's best regards to yourself.
134 1739 1310 1772 us both & to the children, &
466 1971 950 2008 Yours affy
761 2028 1241 2240 JD Hooker
