1527 2443
84 59 1403 226 sculpture. Of Venus' there are no end, but
111 177 1418 320 only one of them seemed to me to excell
120 275 1479 417 it is after the manner of she of Milo.
135 369 1351 504 The Pictures are too mixed in lot to
110 484 1411 577 interest, or rather I should say to please
113 570 1403 712 for there are many of grat great excellence
116 666 1469 799 & some as curious in a historical point
137 750 1389 889 of view. -- still one or two of them in the
116 867 1366 983 Vatican (of which more when I shall
96 948 1433 1094 have seen more) are worth all all Naples
91 1047 472 1160 put together.
128 1143 1346 1250 More valuable by far are the mural
61 1216 1327 1339 decorations removed bodily & successfully
93 1305 1405 1445 from the walls of Pompeii & the collection
123 1401 1405 1541 of domestic utensils from the latter, best
89 1531 1374 1647 everything else in completeness perfect
814 1701 1042 1764 Pompeian
139 1676 1363 1701 preservation & comprehensiveness. You
280 1787 995 1868 from cellar & kitchen to the attics
99 1764 1387 1793 might really furnish several  gentlemens
132 1811 1369 1907 houses besides shops warehouses &
545 1892 1111 1988 studies or laboratories
147 1907 1373 2062 professional mens abodes with the
642 1988 774 2056 them
138 1991 1349 2131 relics & render it quasi-habitable.
128 2086 1433 2273 It is impossible to give you an idea idea
120 2189 1378 2354 of the number & variety of these articles,
149 2328 1385 2391 or the marvellous artistic beauty of many
