1534 2436
157 362 1427 507 its proper development -- it is an uphill
165 444 1355 636 fight for me & has been for now
162 540 1383 747 15 years as it was to my father for
190 700 653 777 25 before me.
269 717 1307 874 A more satisfactory letter from
151 822 1399 986 Trimen came today. His Haggala
191 916 1493 1073 man is recovering; the Landolphias
203 1029 1362 1169 arrived in splendid order -- the
199 1138 1054 1265 2 Cinchonas just alive.
180 1355 926 1485 arrived in good order.
286 1266 1379 1322 The cases to Morris also have
371 1396 1414 1603 I am working very hard at the
212 1547 1294 1659 Arboretum -- it is a wonderfally
224 1603 1443 1741 collection, but so hard to name.
214 1720 1474 1863 Nicholson has really made a first
229 1835 1388 1944 rate Herbarium & deserves great
214 1913 1446 2053 credit for the zeal & intelligence he
216 2005 1409 2148 has displayed -- he really works
208 2121 1423 2265 tremendously hard at the office &
198 2216 1449 2349 in the Garden, I sometimes fear his
