1501 2425
126 1463 1318 1658 the backing of the Herbarium, are
115 1554 1383 1717 enough to work on with & up to
111 1667 1009 1821 a better position (for him).
144 1099 1395 1200 of order, & good temper with those
111 1224 1383 1427 fair intellegence (& of this I am not
118 1203 1285 1296 under him. Perhaps if he has
121 1378 1422 1529 sure) the above qualifications, eith
131 392 1383 547 raise him at once or to hold out
111 483 1318 641 any promises for the future. He
118 580 1272 731 must win his spurs. I am not
125 669 1444 826 sure that he has any really valuable
116 783 1322 931 qualifications beyond anxiety to
138 873 1367 1039 do his duty thoroughly, & a most
123 947 1331 1129 teachable disposition  -- a fair love
288 1704 1385 1896 But it well never do to hold
801 1849 1129 1924 position to a
134 1835 1418 2060 out hopes of a permanent Herbaceous
149 1986 1419 2094 collection Foreman & do nothing in the
98 2088 1344 2229 way of a permanent propagating
1173 2166 1418 2234 considered
842 2189 973 2240 must
133 2188 1422 2352 Foreman -- & this must be effective
