1369 2154
633 65 977 179 East Grove
710 172 1093 251 Queenstown
941 231 1289 331 26 Aug/78.
85 440 543 607 My dear Dyer
341 555 1281 685 Since writing last (from Dublin
149 660 1189 788 think) we have been wandering
167 716 1307 839 about rather vaguely, being very much
160 821 987 922 the slaves to the wether
171 903 1240 1015 We left Dublin on Wednesday for
128 987 1239 1113 Killarney -- ie Muckross where we
172 1043 1302 1193 put up at O'Sullivans, clean, cheap
156 1150 1247 1266 civil & noisy -- very plain food
166 1203 1217 1360 & ordinary accommodation. The
164 1323 1244 1435 Thursday it blew as furious a gale
191 1406 1252 1504 as ever I saw at sea & rained
164 1474 1284 1611 in torrents; but we made out
159 1569 1270 1700 the Torc cascade at the expense of
176 1667 1180 1814 a ducking, with Suringar, & a
193 1762 1270 1860 Lupine geologist who turned up
199 1851 1235 1956 at the Hotel -- Next day we
188 1923 1181 2020 did the orthodox round -- of
201 1983 1340 2140 Gap of Dunloe & down on the Lakes
