1550 2426
125 94 1308 212 the latter complains of the small
151 187 1458 349 volume in Science that all his teaching
124 306 498 425 leads to.
202 389 1424 528 Yesterday we dined at Lavalier's in a
122 489 1363 599 beautiful House, quite palatial. We
135 572 1334 691 met Duchartre & Chatin, both very
129 666 1406 806 agreeable - & today we have been
138 756 1380 863 to St Denis & we leave tomorrow
194 919 1389 960 for Chambery. -- then Turin. Then
195 982 1433 1127 Genoa, Pisa & so to Rome (for one
156 1078 963 1202 night) & on to Naples.
257 1176 1065 1293 with love to Harriet
702 1385 1103 1409 I am aff ys
865 1458 1207 1617 JDHooker
