1353 2219
131 147 1234 249 was to keep him as curator
149 259 1248 403 & put some one in as assistant
147 357 1250 490 that it appeared to me, to Mr
110 471 1237 619 Curndale & to others (I did not
123 568 1238 701 mention your name) as the only
146 686 1254 829 possible prospect of prolonging
120 792 1251 936 his life -- that we thought of
146 909 1197 1049 Taylors or Bakers house for
126 1029 1274 1149 him & that there was no idea
953 1098 1058 1184 him
129 1127 1226 1300 at all of removing him from
117 1232 1284 1414 the curatorship. In that I & the
125 1360 1306 1496 Board considered that his value
299 1455 429 1534 ship
29 1454 1274 1610 for head -ship alone, would justify
143 1569 1304 1703 us in keeping him on, even supposing
115 1673 1291 1803 he could not walk. He then
132 1804 1253 1944 opened out on Curndale more
127 1899 1191 2036 violently than ever, who he
133 2010 1199 2118 blamed for deceiving us & so
