1380 2175
83 15 1334 175 will be early informed by Thwaites -- it
60 148 1266 256 is better that he should leave
85 235 1247 351 at once than hang on if he is
61 357 630 461 not to succeed
116 415 1301 550 I am aghast at the Linnean
72 520 1342 656 proceeding. I feel persuaded that
79 619 1267 746 Edgeworth's work was worthless
66 709 1148 842 & that it is his brain that is
91 814 1297 956 wrong. & that probably not one of
66 910 1328 1045 his drawings is truly accurate, whilst
93 997 1251 1138 no inconsiderable number are
74 1114 1265 1230 simple chimaeras -- having nothing
59 1194 1219 1326 in the remotest degree resembling
76 1282 1225 1453 them except amongst diatoms,
62 1418 1250 1546 Radiolarians & God knows what
98 1522 1192 1637 organisms that he may have
84 1632 1237 1746 seen in wood-cuts of Science gossip,
26 1712 292 1790 subsequently
102 1710 1241 1857 dreamt of, & had on the brain
74 1792 1156 1922 when his eye was vacantly
73 1893 1208 2041 gazing at a pollen cell under
69 1979 1222 2112 the microsscope. In fact they are
