1365 2127
46 0 1188 184 an arrangement, which gives equally
74 108 1319 244 habit & character of infloresceae & flowers
79 178 1242 311 should be a natural classification.
567 263 705 326 pretty
108 260 1265 391 I know the order well, & hope to get
46 353 1280 487 & the skeleton finished here if I wait a
40 424 832 608 day or two longer for it.
855 448 1181 552 & the weans.
178 520 1252 646 With best love to Harriet, & kind
104 625 734 782 regards from all here
360 708 846 874 Ever aff yr
751 792 1119 948 Jos D Hooker
125 914 1296 1073 Thanks for forwarding the Gas Cy receipt
91 1004 1269 1175 which was for a call, I tremble for the
133 1161 600 1273 consequences!
