1452 2151
252 100 1154 203 A superb Impatiens arrived for
107 171 1115 290 Kew today, collected by one of Sander's
119 235 1192 343 scouts in Siam. Whence Kew had only
227 326 283 372 4
136 313 1221 417 species, it is allied to the Jenkin ones.
502 415 895 526 Ever affectionately yors
799 491 1184 639 Jos. D Hooker
158 662 1188 802 Lady Hooker thanks you very much
182 743 1157 883 for your letters, which gave her
176 820 1144 983 great pleasure & joins me in best
197 931 938 1044 wishes for the New Year.
132 1017 1246 1159 I am reading Galton's Life -- it
151 1152 1203 1253 is very curious & interesting.
