1390 2146
85 159 1113 266 was confined to species illustrative of
121 255 449 346 Insect life.
125 354 1193 462 The Dioscorides reproduction must be
145 430 1288 559 of extraordinary interest. I long to see it.
794 492 1005 567 &out of
244 551 1230 634 I have had to keep in & out of bed the last
98 643 1132 741 few days from the incessant calls of a
104 706 1252 810 diarrhoea. I think that, thanks to my
137 793 1175 894 youth & a good doctor, I am all right
148 886 1277 980 again. I am at my desk now, clothed &
95 960 868 1039 with my right bowels (I hope).
140 1025 1154 1113 Harriet will be glad to hear that Mrs
132 1095 1156 1217 Gray is much better -- Miss Loring
111 1206 1207 1286 writes that the doctors do not think
109 1274 1215 1364 that the attack was paralytic, though it
124 1381 1259 1450 certainly affected both speech & muscles of
121 1468 586 1552 the trunk & limbs.
189 1531 1027 1646 Lady H is suffering agonies from
76 1618 711 1725 rheumatism in the right leg.
351 1717 700 1836 Eve affy y
684 1756 1052 1896 Jos D Hooker.
99 1893 1241 1993 I am concerned about poor John Smith. I
110 1970 610 2033 made not very long ago,
109 1999 1247 2104 I have been making enquiries about him from
