1318 2226
793 79 1138 247 Nov 15/80.
103 514 457 667 Dear Dyer
482 559 1128 724 I am very glad to
123 682 1185 843 get your letter & find that you
111 792 1228 943 & Harriet have enjoyed yourselves
139 912 1228 1030 so much -- Pray do not hurry
151 991 1221 1137 back -- there is nothing to bring
582 1092 790 1163 (gardens)
597 1110 1205 1237 & I have just --
166 1120 599 1252 you to Kew
158 1230 1062 1346 completed the estimates.
195 1285 1273 1490 You will be glad to hear that
114 1424 1178 1582 I have installed Walters in the
189 1544 1152 1673 Palm Houses, & I like much
183 1627 1198 1784 what I have seen of him in
193 1749 1232 1910 it. He is very timid about
179 1885 1232 2028 any shifting of your arrange--
195 1968 1270 2070 ment, but I have told him
212 2068 1187 2193 that no such arrangement is
