1206 1837
99 99 1210 229 which consisted of an aggravated
79 205 1086 309 assault on Tyndall, most
91 297 1165 385 able, most humorous, most
95 391 1108 518 cruel & simply execrable in
99 482 1137 581 tone gesture & matter. It has
93 574 1113 715 greatly disgusted his friends,
94 679 1105 815 especially poor Andrews who
111 792 1111 910 insisted on Tait lecturing, &
99 904 1034 1002 Sir W. Thomson who has
118 1014 1096 1130 twice spoken to me about
105 1125 955 1229 it with great concern
121 1225 1094 1342 Andrew's address I thought
72 1329 1105 1447 very poor. Wallace's excellent,
74 1435 1124 1562 Evan's & Merrifield's both good
77 1553 1046 1644 but Newtons miserable.
79 1648 1079 1772 The absence of familiar faces
