1377 2224
95 107 458 215 symptoms.
102 180 1270 303 So much of what is to both of us
103 271 1344 404 I am sure, a most distressing subject
177 385 1314 502 I have not seen very much of the
124 466 1295 575 Association -- I send you  Spottiswoode's
112 567 1266 690 Address. Flower promised me his
122 662 1198 811 on the Linnaeus classification of
138 770 1311 894 Mammals. -- which he highly lauded
119 866 1213 992 considering the material, it was
860 964 1279 1071 Huxley gave
96 1018 724 1044 thought very well of
708 1015 915 1106 to day
130 1067 1254 1202 only a verbal address I did not
121 1175 1231 1276 hear it as I spent most of the
143 1256 1258 1391 day with Glasnevin with Moore
120 1370 1281 1498 & shall go again for another day
202 1484 1217 1617 I find he falling off in his
148 1573 1292 1700 Garden (since 1864), but quite the
163 1691 1249 1803 contray -- it is quite admirable
162 1768 1185 1908 The collection of Tree Ferns is
155 1841 1279 1991 suprisingly fine & the Conifers have
142 1961 1261 2101 grown amazingly since I last saw
149 2116 1281 2155 them. Suringar is here & the
