1361 2219
98 961 1186 1124 have been carried out with
133 1079 1099 1258 great energy & expedition.
211 1173 1244 1325 I have ordered over a big
99 1276 1167 1409 paper cabinet -- you will
129 1365 1285 1508 leave me a few pigeon holes
80 544 1149 635 Museum, & cautioned Jurd
49 597 1165 747 not to be too late with altering
129 685 1198 838 the pipes (Hot water). They are
111 810 682 952 now plastering.
143 878 1155 1041 The repair of Fern houses
98 120 994 287 Smith goes off on Thursday.
68 237 1213 390 Nicholson is back, not over
111 379 333 472 well.
146 443 1196 535 I have kept an eye to the
164 1458 1300 1628 for Palms for which I asked
132 1560 1325 1735 it from Olivia -- having completed
161 1699 513 1828 it myself.
180 1723 1316 1906 Flahault is here, also Balfour
148 1844 1261 2033 & Coqnianx (at Melastomads.)
247 1962 1258 2094 When you have got your
751 2061 1291 2163 ffairs over, I do
123 2079 710 2194 own private a
