1201 1869
366 44 924 187 Glasgow Sunday
641 154 988 323 Sept. 10.76
82 287 612 438 My dear Dyer
222 359 1148 503 I think it is settled that
99 492 1055 629 we shall try Skye, the we
90 590 1122 712 including Mrs Lyell Ruamond
86 667 1158 786 & Arthur, Mr Symonds*2 & Miss
111 732 1102 884 Turner - & then my wife &d
118 874 1092 955 will proceed to Aviemore &
120 953 1025 1094 after a few days with the
121 1047 1094 1176 Grants, turn south & home
132 1153 915 1274 via the Coleviles near
113 1240 1149 1364 Dunfermline. We are quite
113 1339 1123 1452 overwhelmed with invitations
103 1446 1026 1549 & have made a perfect
110 1548 909 1671 holocaust of them.
168 1633 1124 1772 The feature of the Association
96 1723 1067 1817 has been Tait's Lecture on Force
