1378 2174
1123 43 1212 158 3
305 42 821 174 Alderley Grange
598 124 957 264 Oct 1/76
99 380 697 541 My dear Dyer
373 465 1081 594 Thanks for your
101 547 1305 710 capital letter. We arrived here
125 644 1280 821 yesterday afternoon after a long
95 756 1185 912 night journey from Stirling
110 882 1231 1019 which we left at 9 on the
120 970 1263 1124 previous evening. The most
97 1091 1281 1236 interesting thing I have seen
104 1173 1302 1293 since I last wrote is Sir. Mr. Stirling
95 1278 1277 1419 Maxwell's house at Keir near
110 1385 1252 1530 Stirling -- he was not at home
1238 1427 1312 1504 us
130 1462 1332 1595 but the house keeper took me
131 1568 1288 1696 over & I was amazed at the
152 1685 1115 1827 wealth of articles of historic
122 1764 1138 1887 interest & beauty, pictures,
115 1868 1261 1994 portraits, engravings, glass, china,
137 1951 1313 2076 old -- silver -- & stone work, furniture,
145 2034 1341 2141 fittings &c &c &c  & all arranged with
