1467 2151
156 261 826 369 lessons in elocution.
256 364 1140 443 I cannot but conjecture that
117 457 1127 564 there was more migration across the
599 538 719 597 after
131 571 1010 651 Mediterranean before or during
153 645 1093 738 Miocene times than the existing
168 735 1106 847 Flora of the Atlas evidences. &
156 829 1248 918 that the desication of the Saharan
170 897 1141 1018 region has obliterated much of it.
174 1001 1124 1107 but I am so ignorant of all that has
181 1104 1165 1191 been done towards the geology of that
174 1199 1160 1280 vast area, during the last 1/4 century
163 1294 1115 1393 that I have no grasp of the subject.
174 1404 1205 1483 I am enjoying what Darwin called
156 1495 1222 1590 the privilege of old age, to be ignorant
150 1589 578 1661 & not ashamed.
219 1663 1225 1762 Balsams occupy all my time. I have
134 1776 1210 1843 detailed descriptions of nearly 400 species.
176 1833 1136 1905 Their geographical distribution is
155 1912 1166 2016 wonderfully interesting -- I am now
