1556 2426
102 31 1465 160 Nat Hist at the Central Park & the
121 179 1415 236 Park itself; briefly meeting (through
95 221 1493 382 Grays forthought) Bickmore the head
749 300 902 379 that
113 340 1469 504 of one & Olmstead of the other. At
92 455 1465 587 3 PM I took the train to here, where
110 549 1473 723 I spent today (Sunday) & go on tomorrow
97 653 1361 801 to Boston & Cambridge. Here are
114 749 1452 935 Marsh, Dana & Brewer from the
114 858 1408 1045 first & last of whom (Dana I have
288 978 368 1045 yet
145 995 1497 1121 not seen)I have got some most
129 1069 1466 1226 valuable information. -- Marsh is busy
127 1207 1485 1296 with the huge Dinosaurs which
101 1292 1502 1418 have been discovered at 9000 ft elev. in
120 1389 1389 1540 the Rocky Mts. & of which I think I
125 1473 1385 1618 told you I had seen bones at
143 1579 1427 1755 Arkansas Canon & which it appears
1040 1592 1165 1611 bones
163 1690 1397 1821 were procured for Marsh. This
252 1787 711 1868 (if it was a beast)
104 1789 1435 1962 beast must have been 70 ft. long
114 1928 1389 2043 & Marsh identifies it sits with
114 2022 583 2118 the Wealden
164 2094 1345 2251 Brewer (a Dutchman, originally
83 2180 1308 2328 Brouwer), is a sharp Botanist who
137 2322 1416 2363 accompanied one of the Paupir Surveys
