2219 2793
87 53 1858 179 further find time to proceed with the Indian flora.
110 108 2026 260 You have fulfilled your part in this arrangement to my
92 189 2147 331 immense relief & to the great advantage of the establishment
92 265 2078 415 in every way - - but my part has been a failure & to me a
105 415 2044 554 of them sufficient work for me, & they are incompatible.
112 396 2151 435 very distressing one. The Arboretum or the Flora are either
29 494 2141 649 III Of the two the Arboretum is clearly my first duty, but I can
87 575 2073 725 do nothing there without such aid as Smith once was to
129 667 2136 786 me, or as Nicholson could be were his services, wholly
134 736 2063 872 at my disposal. As it is, for reasons with which you are
152 801 2015 954 familiar, I cannot command Nicholson's services, & the
147 922 788 1022 Arboretum suffers.
129 938 2139 1111 Now whereas it would be possible so to arrange without
126 1043 2063 1151 me that the Arboretum should be well served, I see no
134 1146 2081 1280 prospect of the Indian flora being completed without me
129 1214 2018 1330 Except your own, Hiern's & Clark's contribution to it, I am
137 1298 2091 1414 profoundly dissatisfied with all others & so I think are Indian
139 1390 452 1500 Botanists
58 1437 2076 1566 IV. It is full time to introduce into the supreme administration of
116 1513 2118 1645 Kew an officer who should relieve you of many or all of the
131 1584 2102 1718 petty duties of administration, & who should be, or be in training
126 1684 1295 1792 to be, assistant Director under you.
150 1724 2034 1894 This all points to my retirement as the solution of the
126 1816 2057 1963 difficulties & my devoting myself to the Flora Indica &
129 1892 2105 2057 the unofficial supervision of publications at the Herbarium
150 1979 2055 2086 This I earnestly desire, I do think, I could thus be most
1253 2049 1372 2102 time
110 2049 2081 2191 usefully employed & be at the same of use to the Herbarium
218 2120 2123 2262 My retirement, & the suppression of the curatorship would
129 2210 2065 2354 leave the way open for you to start afresh with a staff
126 2299 2084 2430 organised as you think best, & in the formation of which you
134 2365 2131 2499 would have my best aid & wishes -- My idea still is that
145 2433 2157 2570 you should have a Bailiff at £150, with charge of Stoves &,
152 2520 2060 2617 labor & supervision under you of the whole Establishment
129 2585 2139 2701 as Smith now has. -- That Watson should be chef de table[?]
108 2664 2105 2764 with the Temperate House added to his present charge in that
