1433 2205
160 49 294 165 long
12 84 1185 283 my memo will do. (but
141 216 1184 370 not else) & send both off.
229 343 1257 486 I am bothered again with
97 447 1347 574 the post. There was none out
143 543 1268 700 yesterday -- I assumed it went
133 677 1310 814 at noon 1/2 to day as usual,
155 771 1253 922 but it goes at 10 1/4! so
181 865 1372 1061 pray excuse necessary haste.
375 1028 988 1213 Ever affy ys
882 1174 1323 1378 DHooker
216 1422 1171 1601 P.S. I cannot get the
134 1545 1235 1701 Memo on Cooke & £200
165 1678 1340 1836 completed & corrected -- it
181 1770 1223 1939 shall go tomorrow. No
137 1877 1319 2032 letters come today except we
176 1973 1249 2147 go to Dunfermline for them.
