1365 2197
778 0 1072 64 procumbent
100 18 1279 111 in such places. I forgot Cotoneasters
76 79 1264 191 which are in masses over the rocks like the
94 187 1274 232 waves of the sea & threaten to smother
96 223 1213 340 everything. I am surprised to find
96 295 1282 404 several Cisti in this cold place, & have
114 447 1309 547 House is very large & awkward, with several
101 397 1248 450 asked for cuttings to bring away. The
103 483 1250 617 very large rooms & a charming collection of
103 565 1198 650 modern pictures water & oil. On the
94 630 1312 717 whole the most pleasing collection of the kind
96 699 1289 808 that I ever saw: In the Gigantic drawing room
102 785 1312 902 is a wonderful marble Erection that projects
97 849 1227 952 at one end & reaches from the floor to the
94 928 1274 1004 ceiling -- it is an extraordinary and rich design
112 1010 1218 1084 in marble & alabaster forming a cove
108 1081 1244 1179 for the fire place, which is superb as to
111 1135 1271 1229 marble -- but somehow the thing projects
84 1213 1264 1332 most awkwardly & to my mind spoils the
85 1288 1276 1376 room. I shall ask for a photograph of it for
94 1381 1254 1482 it is exceedingly beautiful, though the
91 1463 1302 1564 work of Norman Shaw who I do not love.
103 1545 1261 1634 He built the house & for internal arrange
96 1599 1254 1719 ments it does not do him credit in my
102 1677 1235 1772 judgement. No doubt he had obstacles
109 1751 1226 1844 The conservatory is excellent, but even
129 1822 1224 1924 the electric light will not illuminate a
129 1879 1261 2000 carved wainscot ceiling. The passages
122 1962 1115 2056 are gloomy, the distances enormous,
117 2021 1276 2091 the county is wild & sparsely populated
91 2082 1210 2157 & you have a mauvais 1 1/2 hours from
