1387 2175
372 15 787 113 (literally pages of)
109 74 1199 203 me no end of citation & laudation to my
118 167 1173 290 great astonishment. For my physical &
140 239 1121 366 geological observations, he concludes
1074 276 1292 349 shrewd
136 314 1287 422 "The volumes abound throughout with shrew
139 388 1249 488 comments on all he observes, & the thorough
142 464 1275 587 character of his observations is testified to
176 554 1238 683 by the fact, that, since his journal was
149 636 1230 742 written, no additions to our knowledge
151 707 1244 834 of any importance, have been made by
146 803 1271 892 subsequent observers in the districts which
185 872 1236 967 he visited." ! I am praised too for
119 982 1164 1083 the accuracy of my survey, as being right
369 1055 417 1095 er
305 1054 360 1107 la
131 1064 1143 1143 where leater surveyors have challenged it.
185 1146 1180 1247 The "Tibet Messenger" has telegraphed me
106 1248 1136 1350 a most handsome tribute. All this has
136 1361 634 1437 wakened me up.
210 1402 1116 1510 I hope I shall see George when he returns.
525 1506 848 1608 I am affy yr
830 1546 1172 1691 Jos. D. Hooker
