1359 2205
844 294 890 354 35
953 288 1139 348 Duc/79

132 568 213 628 My
228 566 348 626 dear
376 562 511 622 Dyer

283 684 525 744 Thanks
559 675 733 735 many
778 670 858 730 for
894 670 1008 730 your
1077 660 1274 720 letter.

109 804 117 864 I
149 798 205 858 am
277 798 533 858 concerned
613 803 653 863 to
717 796 845 856 hear
917 790 1021 850 that
1077 788 1165 848 you

112 909 181 969 too
243 910 321 970 are
383 910 491 970 laid
552 912 676 972 up,
715 910 777 970 an
838 900 1194 960 unwellome

143 1015 264 1075 prof
316 1018 346 1078 of
387 1011 693 1071 sympathy!
795 1015 815 1075 I
866 1005 1009 1065 have
1081 1006 1172 1066 lost

918 1046 1051 1106 shots

164 1122 325 1182 pains
381 1120 389 1180 &
430 1117 583 1177 acked
631 1110 824 1170 except
897 1102 1026 1162 that
1106 1104 1146 1164 if

158 1216 515 1276 Rtumatics,
536 1210 624 1270 but
697 1206 762 1266 the
814 1196 1112 1256 Bronchites
1156 1201 1192 1261 is

162 1308 250 1368 very
274 1308 612 1368 trublesume
675 1299 687 1359 &
736 1298 748 1358 I
812 1290 1012 1350 cannot
1087 1295 1236 1355 show

161 1404 256 1464 very
307 1402 593 1462 acictubes
645 1390 689 1450 to
740 1385 810 1445 the
844 1382 1069 1442 outside
1138 1382 1181 1442 of

169 1498 242 1558 the
272 1498 464 1558 House.
552 1500 560 1560 I
612 1494 759 1554 shall
818 1484 1047 1544 however
1098 1476 1246 1536 return

141 1608 184 1668 on
254 1592 487 1652 Monday
538 1588 686 1648 next
755 1574 945 1634 under
988 1567 1049 1627 an

139 1694 534 1754 circumstances
578 1688 628 1748 as
679 1686 686 1746 I
743 1676 801 1736 am
895 1674 996 1734 very
1038 1673 1247 1733 anxious

170 1817 205 1877 to
240 1813 293 1873 be
354 1806 477 1866 back

267 1900 277 1960 I
314 1897 360 1957 am
445 1892 482 1952 so
510 1886 614 1946 glad
708 1877 830 1937 that
904 1868 1130 1928 Hubble
1167 1869 1204 1929 is

158 2004 306 2064 gine.
371 1999 421 2059 It
462 1996 495 2056 is
528 1990 660 2050 quite
709 1982 907 2042 abused
981 1965 1211 2025 Smithes

175 2076 343 2136 recent
407 2080 547 2140 crage
603 2080 677 2140 for
725 2078 864 2138 giving
901 2076 1050 2136 every
1096 2072 1199 2132 new
