1339 2171
89 162 1251 306 in England, & 100 gone to America.
97 293 1155 398 It has cost me £50 already & I
92 382 1096 484 shall never see 1d. of it back.
95 483 1177 617 Nevertheless I am more than
61 587 1247 705 satisfied with its reception here & in
71 676 1220 789 America & Australia, & find myself
88 785 1205 919 proud of having given Banks a
89 878 1176 994 lift up amongst his posterity.
146 998 1255 1082 Sir Saul Samuel has sent me a
69 1089 1219 1206 printed list of a large collection of
83 1176 1210 1277 Banksian correspondence that he
113 1279 1265 1406 brought from Lord Brabourne! Also
102 1350 1194 1517 a volume of Records of N S Wales
78 1498 1197 1622 1783-1789. full of most curious
86 1599 1182 1722 matter, including Bank's efforts in
92 1700 1094 1847 the cause of the Colony &c &c &c.
117 1807 1245 1962 There is a mention in it of a short
114 1936 1176 2065 Memoir of Sir J. B. "written from
