1579 2428
88 27 1115 190 The proofs of L.U. Exams have come for
18 38 1489 236 correction. I have corrected & returned them --
92 207 1494 306 also proof of a very important Memo of yours
88 251 1452 385 on the subject of the Bot examinations generally.
114 324 1401 478 I have not ventured to do anything with
108 401 1419 568 this. It opens up a large subject, points to
104 494 1401 641 great defects in education, & perhaps some
119 568 1467 716 too in the nature of the examinations that
106 654 1405 808 prevail in the Universities, & which cover too
86 740 960 883 much ground in my opinion.
130 769 1271 943 Miss North writes in good spirits from
64 853 1357 1035 the Cape; she has not given up the notion of
95 941 1423 1121 seeing Welwitschia, but doubts the practicability.
126 1018 1331 1170 We have returned to our several quarters
99 1082 1405 1264 from Bagshot -- I am bothered with invitations
115 1159 1408 1333 which cost both time & money. Palms
123 1245 1395 1419 are gone to press -- a bog of bones -- Liliacae we
115 1344 1317 1502 just finished printing. I have named a
114 1430 1399 1547 most curious genera of Juncea after in Thurm -- it
128 1516 1443 1612 is more like a cross between Typha & Sparganium with
145 1606 1366 1749 a strain of Cyperaceae -- but goes into Juniace.
88 1677 1395 1851 Harriet drawings are fairly orthgraphed & await
107 1831 1364 1872 her coloring. The Cycas will he heavy.  I like the
62 1864 1395 2002 new conseratory foreman. I am particularly glad
81 1948 1267 2067 that Leichler finds the Herb. ground improved
298 2051 363 2106 just
136 2018 1361 2154 Barker is back & I am arranging for Brown
66 2089 1359 2212 to go to Oxford & Walson to Dublin &c -- but
73 2183 1392 2285 Smith tells me that the travelling money is all
37 2241 1430 2346 expended. The Board having curtailed it -- they must
73 2344 2427 2427 find it elsewhere.
648 2353 874 2380 Yours aff.
953 2355 1254 2380 JD Hooker
