1385 2151
55 85 1159 247 Biology is literally no-where
36 206 1211 380 at this meeting. I hope that
61 286 1244 477 Mosely's lecture may redeem
78 410 1233 588 it-- he has not turned up
112 522 719 676 yet. Ball is here.
164 591 990 749 We go to Netley this
84 698 1287 839 afternoon & then on to Parkstone
69 798 1177 946 The weather has been brutal
85 916 1221 1058 but is better to day. Brian is
103 1030 1177 1180 gone with Keeping on the Geolog.
115 1145 1172 1271 excursion to Alum bay. &
115 1263 1284 1410 will stay over the whole time
139 1368 1305 1486 there & then go to his friends
129 1470 1224 1619 in Worcestershire for a few days.
139 1600 1156 1739 Smith has the key of the
114 1718 1292 1840 House -- which is shut up for
135 1830 1190 1987 the day -- Mrs Yeomans the
103 1945 1256 2054 Coachman's wife sleeps in  it &
