1316 2140
40 102 1153 232 are many Padangs & I have had to ask
60 203 1242 300 him which. My description of the 60 species
64 283 1192 376 of the Paris Herbarium is printed in the "Nouvelles
72 355 1117 455 Archeau", but not yet published. I have
66 428 1202 524 now full descriptions of about 170 species from
80 508 1157 622 China proper. I have just sent to Paris
90 570 1166 699 a paper on the few (about 15) known Turkish
90 665 1200 778 species & their distribution; they harmonise
79 758 1110 851 with the Malay Peninsula, but not with
87 847 1244 936 Maln archipelagan or those of China proper.
78 911 1143 1005 I shall be glad of your criticism where it
85 971 1226 1092 appears in the forthcoming Bulletin. I think
98 1046 1200 1200 my treatment of the subject is novel, but it
107 1140 969 1257 will not set the Thames on fire.
221 1237 1156 1345 My whole life since I came here has
46 1307 1112 1413 been directed to Impatiens -- much of it is
75 1374 1224 1512 pure taxidermy, for Herbm. specimens are perfectly
101 1475 1146 1586 useless without accompanying drawings of the
117 1563 1127 1660 floral organs, not one of which can be even
118 1634 1245 1724 imagined except as dissected & laid out. I can
101 1711 1166 1800 defy the sharpest eyed botanist to say from the
115 1796 1187 1885 dned flowen who the the schels, Noweve, big, an
110 1886 548 1952 2 or 4 in number.
119 1943 1145 2034 So I brag away like any other slippered
150 2027 436 2094 pantaloon.
