1557 2451
132 114 1369 230 germinated, but I fear are killed
157 187 1396 369 by some carelessness! Lynch drives
174 303 1481 465 one wild & is again growling for pay.
210 386 1470 572 The more I see of an establishment
125 490 1446 660 like this, the more confirmed I am
143 590 1395 801 in my opinion that it takes a
121 709 1469 901 deal more Science to manage it
125 821 1390 1014 than could be believed. & not
113 933 1498 1124 so much Scientific mind perhaps, as
127 1045 1503 1184 Scientific method; in fact it requires
128 1155 1494 1289 high Scientific culture & instinct too.
118 1227 1479 1428 Lynch has lost all the Nares plants.
143 1328 1475 1494 We have a young Welwitschia a foot
126 1443 1074 1611 long that looks possible.
199 1498 1473 1684 The No 4 is miserable & I have
95 1606 1476 1792 told Smith to get rid of Seward - I
96 1703 1440 1881 cannot stand it. You or I must
95 1817 1076 1940 take that House in hand.
117 1909 1245 2023 But I had no intention of
69 1980 1095 2156 bothering you with shop.
86 2036 1446 2238 We go immediately to Allman for 3
1145 2171 1320 2284 /my
81 2191 1144 2297 days, when I shall work on
100 2230 1410 2363 adress which is my agony for the minut
1049 2297 1415 2414 JDHooker
551 2334 997 2433 Most sincerly yr
119 2349 260 2450 adress
