1375 2136
186 388 1192 526 to set of Kewate's Ceylon species
146 487 1169 620 A good many had been Lent to
168 611 1161 707 Kew to be named with a very
170 685 1180 788 bad result. Kew has sent also
145 784 1148 900 a vey large proportion of the Roglean
177 890 1245 996 distribution, including species not
181 975 575 1089 in Herb. Hook
247 1045 1271 1162 There are several Nepal species
143 1137 1320 1276 new to me evidently from Lamberts
172 1271 1227 1384 Herbarium which contained many
188 1353 1287 1507 of Bud Hamelton plants -- They are
158 1486 1224 1602 not in a state fit for description.
276 1606 1170 1708 Is it known where Lamberts
173 1719 1095 1826 Herbarium is ? Most oode of it
201 1792 624 1889 went abroad.
190 1895 1177 1996 New is a beautiful small species
