1367 2199
115 118 1199 237 The place is doing her also much good
117 226 1186 318 Our appetites are voracious, & we get all
90 356 680 461 the fresh air we can.
266 445 1148 557 The town is very attractive for
109 547 1222 637 its gardens & the excellence of the private
95 628 1186 727 houses in literally all the suburbs. The
116 734 1275 846 roads every where good & they are timly
131 835 1235 921 literally lined with flowering trees &
334 893 1039 967 opposite the houses & in their gardens
148 930 1238 1036 shrubs to an Extent I have never seen
131 1022 1124 1127 elsewhere. For at least a mile of
111 1115 1126 1224 every road out of the town there are
829 1176 994 1247 eithers
119 1219 1172 1306 seats at every few yards, & either gas or
106 1317 1205 1420 electric lights. There is not a public house
138 1414 1255 1524 to be seen, nor any poverty. It is in fact
114 1499 1191 1620 a resort of the rich.  Many fine houses
148 1591 1155 1705 belong to wealthy Leeds & even London
669 1675 744 1731 tec
156 1705 1209 1793 people & the architecture of the houses
113 1780 1108 1892 great & small is a lesson to London
110 1886 399 1969 Villadom.
176 1962 1122 2043 We are most comfortable in our
541 2032 578 2079 th
65 2044 1193 2133 quarters, facing the huge belt of meadow
