1494 2400
111 393 1402 498 nephew & niece here, who we have
105 509 1456 614 lunched & dined. Mmd. Ragnal is with
95 570 1351 691 us for a week & will take Reggie back.
199 658 1415 796 Mitford's father in law Lord Airlie, has
131 743 1448 902 died rather suddenty at Denver (Colorado)
170 851 1380 1005 -- this will I fear delay Mitfords coming
146 942 1165 1096 out, which I very much want.
255 1036 1325 1167 I think the Palms are all right
105 1138 1288 1296 again in the P.H. -- they soon recover.
111 1239 1320 1368 from that yellowing of over -- heating
131 1332 1449 1431 which we must obviate most summers
112 1432 459 1557 by screens.
70 1511 1290 1664 A great box of Cycad leaves has
66 1591 1432 1735 arrived for you from Denmark, I have
102 1722 1380 1810 done my best towards dryring them
124 1800 1410 1917 between large sheats of paper & give
111 1890 1301 2040 two on them of the very longest to
111 1996 1463 2116 Jackson to manipulate betwen wooden
225 2067 422 2127 planks
155 2084 648 2201 Boards & paper--
88 2215 1350 2252 Camerons Bangalone Cycas has come
122 2295 1369 2350 in very good state & many specimens
