1551 2436
98 16 1491 168 for you with every aid away. Jackson ought
929 120 1430 249 himself & I will
88 141 599 241 to be ashamed of
934 211 1522 326 him a talking to
81 233 563 338 if necessary give
918 300 1408 399 talk over with
93 295 560 426 Granger I must
131 367 1417 514 you. After all you see the raising such
95 462 1427 593 men as Jackson, Moore, Brown &c to positions
101 544 1385 658 that render it most difficult for us to
115 590 1426 754 get rid of them is a great evil. -- they are
71 729 1399 836 never thoughtful & presume upon our
79 769 1355 923 goodness. I quite think with you as to
86 870 1441 982 Nicholson playing a game as soon as he
112 950 1433 1083 goes he will turn round & abuse Kew
99 1055 1403 1158 & there are depts of the O. of W in which
89 1147 1109 1241 he may do a great mischief.
119 1232 1471 1338 As to discipline of constables &c it never
107 1285 1445 1410 will be good till Smith has a systematic
108 1392 1354 1515 inspection of them by some trusty
99 1499 1388 1592 deputy. This was to have been one of
107 1555 1444 1651 assistant duties -- but Smith never
100 1631 1083 1774 would put Nicholson on it.
160 1714 1391 1852 Your letter is so full that I could be
102 1786 1455 1938 all day answering it & I have loads of
98 1865 1486 1966 others to write. Thank God I am quiet here!
93 1960 1468 2080 I am utterly sick of travelling & collecting & feel
93 2018 1401 2157 like a dray horse kept at the gallop for 3
72 2085 1449 2215 months. A thousand thanks for your kindness
96 2168 1504 2272 to Charlie. I knew he could not pass in Chemistry
76 2246 924 2358 & told him so over & over again
