1579 2429
98 98 1433 254 very well with Nicholson with whom my
85 221 1408 360 mild suppression of his peculiar way of
110 507 1427 658 under a great deal of supervision. He
95 365 1510 414 speaking of people & things has answered.
148 479 1436 512 I get a great deal of work out of him
81 590 1442 704 is most sensible of encouragement &
90 729 1184 807 conversly of the cold shoulder.
115 789 1355 897 Wahon goes on all right. I caught
816 940 1028 997 at once.
98 927 1374 954 two lads sky larking in the P.H. last
132 943 1474 1069 week & dismissed them
115 1052 1467 1162 (after communicating with Walters who was
117 1130 1333 1260 very pleased) they howled a little.
207 1235 1223 1345 Nock has not turned up yet
117 1325 1423 1440 Zohrab has been here, a very intellegent
109 1411 1332 1518 man, he expects to go to St Thomas.
78 1505 1391 1605 "Report" not come; I have written to
176 1601 651 1723 Reed about it.
1121 1613 1269 1710 daily
193 1625 1389 1808 Col. Johnstone is (if I read the papers
117 1742 1408 1896 right ( back in India & organizing his
149 1840 1367 1978 Munneypore staff! Another letter has
151 1918 1316 2052 come from Watt., -- which I I have
165 2000 1449 2100 answered, it will be a terrible pity if
161 2081 1427 2219 he does not go to Munnepore, but we
159 2193 745 2290 can do no more.
187 2193 1457 2370 Yes the Herbarium is an incubus & the
140 2335 1448 2384 B.M. will always be an impediment to
