1359 2205
422 168 452 228 or
501 170 555 230 the

65 142 221 202 small
284 138 454 198 duties
503 132 552 192 as
602 127 697 187 the
763 124 905 184 mere
971 119 1065 179 out
1113 116 1140 176 of
1168 120 1321 180 doon.

88 232 352 292 gardening
412 222 418 282 &
496 221 634 281 mere
693 216 1126 276 onnaimental.

83 317 409 377 deparlinent,
441 308 594 368 under
615 306 637 366 a
703 304 832 364 head
898 307 1006 367 who
1083 304 1115 364 is
1158 310 1321 370 hunelly

525 346 830 406 requirgments.

82 408 169 468 not
220 404 277 464 up
342 401 379 461 to
436 398 515 458 the
552 398 696 458 wore
761 394 768 454 &
812 391 1006 451 cannot
1086 388 1165 448 see

199 446 522 506 hocticultienal.

70 504 174 564 them
232 493 632 553 deficiencies.
660 484 869 544 Foremer
946 481 1118 541 really
1146 480 1222 540 fit

63 601 99 661 to
126 600 188 660 do
261 593 341 653 the
378 586 494 646 work
575 580 656 640 are
719 574 890 634 writty
943 576 989 636 of
1087 572 1231 632 much

103 687 246 747 more
278 681 509 741 extension
563 669 760 729 charges
794 660 816 720 &
860 661 1167 721 uaturally.

101 772 416 832 ambitious
480 766 537 826 as
578 764 618 824 it
682 759 714 819 is
780 754 844 814 the
884 742 1159 802 Sharps&

88 852 283 912 Martern
317 848 394 908 get
485 841 623 901 more
700 834 832 894 mare
888 832 1048 892 soil,
1083 822 1201 882 pots

104 944 213 1004 tools
267 940 322 1000 &c
349 937 396 997 &c
459 930 568 990 than
641 921 733 981 they
769 920 842 980 can
934 910 1170 970 usefully

93 1032 319 1092 employ,
362 1026 370 1086 &
437 1024 504 1084 no
563 1018 866 1078 instruction
933 1014 983 1074 as
1034 1011 1075 1071 to
1135 1008 1227 1068 how

148 1131 183 1191 to
253 1126 338 1186 use
408 1120 590 1180 them.
611 1119 653 1179 --
689 1118 703 1178 I
731 1112 780 1172 am
829 1106 963 1166 quite
1046 1102 1159 1162 surc

90 1204 166 1264 our
208 1204 506 1264 expendition
583 1211 634 1271 as
702 1204 864 1264 labour
889 1200 906 1260 &
967 1196 1213 1256 material

93 1294 266 1354 might
312 1296 357 1356 be
410 1298 629 1358 reduced
689 1291 795 1351 1/4th
878 1298 930 1358 by
983 1302 1108 1362 good

100 1386 451 1446 management
557 1386 595 1446 --
613 1386 695 1446 but
751 1385 926 1445 redue
971 1386 1083 1446 work
1164 1384 1202 1444 is

124 1486 203 1546 you
247 1487 363 1547 will
426 1487 434 1547 &
496 1475 682 1535 plants
727 1477 841 1537 too,
878 1476 939 1536 the
957 1476 1285 1536 exhenditions

117 1584 205 1644 goes
232 1584 272 1644 on
326 1580 650 1640 unabted.

250 1657 312 1717 the

195 1705 236 1765 On
330 1710 476 1770 whole
517 1708 538 1768 I
570 1704 621 1764 am
684 1702 798 1762 glad
881 1698 996 1758 that
1048 1690 1297 1750 Bulfour

90 1804 242 1864 takes
277 1804 286 1864 a
345 1804 464 1864 man
515 1806 549 1866 of
608 1802 702 1862 his
762 1798 864 1858 own
931 1792 1169 1852 choice:
1204 1794 1246 1854 it

88 1894 119 1954 is
151 1890 245 1950 but
292 1893 410 1953 fair
473 1892 607 1952 that
670 1885 733 1945 he
780 1873 1039 1933 should,
1086 1870 1094 1930 &
1158 1874 1204 1934 it

84 1972 217 2032 sares
261 1976 319 2036 us
363 1976 826 2036 responsiblet.

144 2060 306 2120 Pleare
351 2058 478 2118 send
541 2055 640 2115 any
668 2054 811 2114 letter
874 2052 1010 2112 that
1073 2054 1172 2114 you
