1533 2440
88 45 1432 199 had packed up my "Morren" & did not
109 137 1437 300 remember that Archangeli was Professor
109 254 1137 393 or I should have called on him.
107 358 1414 473 From Turin To Genoa where we stopped 3
104 421 1437 575 nights we called at once on the Marquis
100 523 1489 667 Doria to whom both Ball & Beccari had
121 616 1409 767 written, informing him of our arrival.
509 694 571 783 us
102 699 1390 860 The servant told he was at the Municipal
123 793 1420 975 Chambers, & we left cards & addresses,
109 874 1456 1051 but he did not return our call! We
102 987 1420 1129 saw the Dorie Murum of Nat. Hist.
90 1065 1328 1252 in which the Mammals & Birds of the
111 1163 1465 1340 Malay Islands are splendid. We called
87 1269 1321 1440 on Delpino, who is a shrivelled up
116 1383 1456 1563 Italian, & seemed afraid of the Ladies
284 1454 435 1527 most
104 1465 1375 1683 -- he was polite in his offers of civility,
81 1555 1337 1775 but rather glad when our backs were
73 1672 1373 1830 turned we thought. We revisited the
66 1757 1440 1925 Old Palaces that I saw in 1874 & when the
66 1851 1388 2045 Van Dykes are splendid beyond conception.
109 1955 1369 2148 The Bot. Gardens are small & miserable,
376 2043 464 2109 here
114 2069 1338 2230 there is a very interesting "Alpine
126 2145 1418 2337 Club" house, conmanding a superb view
305 2230 580 2332 sketches of
146 2311 1420 2386 & pretty alpine scenery. From it you have a
