1368 2194
64 117 1250 240 see what middle course I can
78 217 1261 324 strike out. I cannot blame
80 303 1330 441 Mitford in this matter of the changes
9 409 325 484 wanted in
88 418 1172 563 C. of W Dept. He, Hunt
77 470 1281 651 Potter, Smith & self had three
97 615 1180 780 long discussions on it, (with
64 730 1287 863 Lessells when we required him) &
95 840 1275 986 everything was arranged & is in
84 969 1274 1102 writing on the office (Potter has
133 1091 1272 1208 it all) -- all was settled; who
817 1166 879 1231 the
95 1196 1310 1351 to keep, who to discharge, who
72 1309 1262 1434 to replace, who to pension. &
57 1404 1311 1557 Mitford positively assured him he
71 1571 1180 1608 would go into it as soon as I
379 1581 1312 1676 calling attention to necessity of reform
82 1609 1243 1747 sent in an official letter & enc-
109 1711 1228 1815 bodying the views arrived at;
120 1794 495 1874 together with
143 1816 1169 1939 the goog Smiths estimates
130 1994 1276 2045 of materials, he would require
169 1926 1258 1960 the for maintenance & repairs wh
123 2041 1250 2173 annually opftrsspatse This let
1247 2070 1318 2143 ter
