1305 2163
812 99 1238 205 Feb 2 8 1909
818 229 1010 289 THE CAMP,
723 290 1105 357 NEAR SUNNINCDALE.
216 540 665 668 My dea Dyer
403 671 1043 759 I have re-read your
162 767 1114 881 essay & enjoyed it even more than
164 868 1049 961 I did the first perusal. I do
161 949 1112 1035 not see how it could be improved
169 1049 1075 1172 except by saying less of me. I am
188 1137 1111 1243 much interested in Gondwana
182 1220 1021 1330 land. I attended several
194 1315 1021 1459 discourses on it's plants at the
186 1406 1066 1522 Linnean meeting, but owing to my
958 1457 1259 1544 it is hideously
182 1524 1190 1610 deafness & his wretched delivery (with
171 1598 1137 1702 carried away very little of it -- & this
113 1661 602 1718 this reminds me that
103 1708 1176 1801 delivery of the successive addresses
158 1770 1067 1898 at the Jubilee meeting convinced me
147 1852 1060 1959 that no one should be allowed to
138 1945 1114 2031 speak or lecture that had not taken
