1556 2470
909 73 1422 216 Alderley Grange
1067 173 1469 344 Oct 23d /85.
179 457 842 671 My dear Dyer --
488 527 1425 728 I am indeed sorry to hear
233 686 1302 832 of your cold & cannot think the
159 748 1442 929 office a place to be cured in. I propose
135 940 1472 1131 feeling my way with him. I wish
169 905 1404 980 seeing Mitford as soon as I return &
186 1032 1440 1211 I could see any more likely plan for
179 1138 1474 1312 Offices than the Directors House. My
186 1236 1399 1384 first object will be to overthrow
166 1389 1065 1498 the Palace as an office
238 1412 1399 1605 Yes Smith's hand is as firm as of
201 1538 1467 1688 Yore, & I remarked the improvement
208 1640 1342 1806 before he left. I do believe
191 1764 1339 1902 however that he acknowledges
183 1859 1366 2018 that his position & duties are
211 1972 1361 2103 not what they were, any more
188 2063 1263 2198 than his strength & energy
209 2166 1424 2316 He promised me, that the spent
198 2274 1409 2417 mould of the Houses, should all
