1377 2130
35 62 1382 186 coast; & thence back to Portree -- not
55 158 1336 251 a house beast or bird were seen, but
95 243 1328 358 a very few sheep, & a very large species
92 331 875 457 of frog unknown to me.
129 405 1322 513 Lock Arnish & the Coolin hills are the
57 488 1262 618 most interesting features of Skye &
80 654 1206 690 thither we went 2 days ago, by
65 696 1303 777 crack 91/2 miles to Sligachan, a lone
85 780 1293 915 tourist hotel in a wilderness of bog.
87 854 1259 998 Thence an 8 miles  march up a very
86 964 1217 1084 broad uninteresting flat- mound
88 1057 1253 1184 glen by a rude path over stones
98 1141 1285 1263 bogs & torrent beds, takes you to
97 1250 1295 1374 a steep rise of some 1500 ft at
108 1351 1303 1452 top of which you see the lower end
99 1432 1274 1554 of the far famed Loch Arnish &
81 1536 1251 1623 here the guides try to persuade you
76 1622 1192 1743 that they have done their duty.
76 1705 1269 1808 We however went on a few miles
924 1772 1095 1846 flank
68 1796 1245 1931 further along the stub edge of the
77 1886 1202 2018 valley overhanging the Lake & got a
41 1988 1205 2106 good view of its upper end which
