1440 2178
890 107 1346 221 Aug 11th 1905
971 218 1171 287 THE CAMP.
937 296 1204 365 SUNNINCDALE.
276 459 727 575 My dear Dyer
548 559 1256 658 It was a disappointment
223 660 1297 773 the not getting to Kew yesterday. Bryce
226 764 1278 861 came & was effusive in favour of doing
237 855 1237 935 all he could for Kew in general &
243 932 825 1030 Prain in particular.
304 1031 1283 1145 As to the Government, I am perfectly
271 1132 1372 1253 sick of our Parliament, Tory, Conservative,
274 1225 1291 1330 Liberal or Radical -- all alike seems
277 1320 1279 1436 to me played out. A Parliament of
282 1410 1338 1516 subterfuges & that takes Cossack Whips
286 1503 1340 1601 to bring it's members out to the Vote! &
295 1591 1338 1698 has afternoon tea parties for ladies
303 1688 1286 1797 for 2 hours at a stretch on the Terrace
323 1774 1312 1892 of the Houses in sight of all the Busses
304 1864 1195 1964 on Westminster Bridge! I told
304 1978 1248 2095 Bryce of the disgust & despair
