1332 2174
587 101 1005 237 York Sunday
807 250 984 358 5pm
605 345 1033 524 Sept. 4/81
37 431 530 612 My dear Dyer
302 554 1061 699 I was sitting down to
80 682 1110 794 write you some account of the
119 801 1084 929 Association meeting on this my
106 918 1260 1051 only free day, when Charlie walked
131 1053 1146 1150 in on his return from a fishing
144 1155 1119 1242 excursion in Peebleshire, & as
146 1245 1211 1366 my good hosts have asked him
162 1357 1103 1448 to stop to dinner I must
142 1439 1214 1560 amuse him till dinner time
146 1561 1109 1685 & confine this epistle to a
150 1731 1194 1762 few words, & the statement of
154 1785 1160 1873 its enclosure - the payment for
126 1897 1155 2015 £600 which please hand oer
128 1985 556 2118 to Mr Smith.
