1365 2226
65 101 1207 273 to let Carless bring in his bad
95 207 1187 348 stuff till Smith shut the
101 292 1270 449 gates in the faces of the carts.
185 397 1233 588 Gregory has just left; he
90 525 1092 653 is quite disposed to take
91 625 1249 773 Morris & I am to write him
88 730 1210 888 a letter for him to take to
97 850 1224 998 C.O. about him. He will
90 940 1275 1103 write to Ceylon to treat Hartog
145 1048 1267 1204 liberally & send him home
98 1145 1262 1303 with enough to pay his debts.
129 1289 1181 1411 Morris is quite set upon
145 1375 1214 1514 going.  & will I think quite
92 1526 318 1600 suit.
140 1547 1304 1717 I have nearly done 3 months
114 1652 1231 1814 Bot. Mag & will ask Oliver
132 1753 1316 1963 to look after it -- as heretofore.
877 1977 1295 2152 JosDHooker
338 1944 1033 2009 Evr affectionately ys
