1375 2159
120 170 1154 292 our friend Strachey has come down
528 255 613 301 has
40 277 1064 379 in the world & had to give up his
106 365 1152 459 beautiful house in Lancaster Gate &
89 453 1150 550 retire to Hampstead. He is just my
109 534 1120 655 age & very infirm. It is very sad &
113 645 556 729 I feel it deeply.
238 704 847 791 With love to Harriet.
484 800 917 923 Ev affctnly yr
801 862 1187 1040 Jos D Hooker
