1383 2187
836 230 1175 392 Monday
132 471 524 640 Dear Dyer
232 603 1207 773 Will you be so kind as to
111 710 1252 880 look at the enclosed letter for
158 858 1311 1017 the Trustees BM. & show it to
106 986 1346 1125 Mr Bentham. Giving me an
167 1085 1307 1272 opinion (which I know will
163 1246 652 1376 be candid).
269 1337 1291 1482 I showed Oliver a much
145 1450 1251 1617 longer one, of which this is a
144 1565 1247 1705 condensation.  He did not
140 1685 1193 1848 approve, & suggested what
152 1783 1255 1940 accompanies it on a sep
176 1906 1097 2070 slip in his handwriting.
