1378 2191
71 265 238 365 that
69 365 1224 487 the Board must approve of.
136 482 1227 643 I should say that £25 is
138 597 1321 702 abundance. He has not been
135 722 1248 867 satisfactory of late at all -- is
116 841 1274 942 any how better under direct
997 965 1218 1082 past
105 981 708 1092 pressure from us
404 1046 966 1120 time of life & work,
127 1087 1193 1208 his best a most important
135 1167 1364 1304 consideration. Then too I think
104 1295 1154 1435 he has not yet touched the
108 1418 1314 1556 maximum of his annual rise..
154 1501 1263 1677 I am sure we can well spend
148 1641 1143 1770 the £175.- on Musem &
86 1732 1244 1895 Herbarium & Library. All of which
92 1881 1231 1974 are involved in distribution
137 2003 1237 2123 duplicates, purchases, fees to
