1669 2527
665 84 1347 235 Naples March 30/
1363 106 1440 226 81.
122 426 609 602 My dear Dyer
337 557 1358 752 I am writing to Mr Smith
77 656 1471 869 asking him to send to Mr Romaine
113 777 1454 976 a nice set of Green house &c things
129 901 1569 1048 & have given him the address. As Mr R.
163 1007 1454 1200 was of very great service to us as Sec. of
167 1173 1474 1308 the Admiralty. Mr Smith will I am
176 1304 1530 1415 sure treat him as well as we can
195 1388 1437 1524 afford -- as he always does in short.
224 1444 1564 1612 Willy has forwarded me the enclosed
177 1551 1553 1746 from Sir Wyville Thomson. He does not
170 1650 1576 1866 say whether he informed Sir W of my
174 1770 1542 1947 absence, or whether you have seen
190 1901 1571 2053 it. -- I should not like to answer
205 2088 1509 2143 it without a reference to former
1077 2296 1606 2325 acknowledging, or
167 2232 1442 2265 correspondence:- Pray use your
204 2350 1485 2397 Judgement in respect of answering
