1393 2170
93 37 1358 150 the Kew one, which is in many ways a burthen
89 135 258 205 to me.
117 191 1313 248 With regard to your objections to making a
77 208 1304 337 new start -- I quite understand them -- It was
89 276 1294 382 the same with me when my father died--
79 334 1270 448 we are all liable to have to make new
73 393 1328 509 starts in life. You could not have anticipated
60 466 1355 574 my living for ever when you became Asst. Director!
126 508 1347 661 Of late I had given up the idea of immediate
98 570 1370 706 retirement, not supposing I could afford it after
95 648 1331 780 the expenses of the Camp & looked to 70 as the
95 722 1324 833 date -- As it is, the love of liberty within grasp
95 794 1262 933 & of devoting myself to Flora Indica are
93 896 411 994 irresistable.
151 909 1250 1055 Your departmental changes are all good
1049 960 1333 1036 sufficiently
114 996 1263 1112 but you forget that Truelove has a good
127 1089 804 1199 Garden, as well as Binden.
160 1089 1312 1252 Then as to my being prop to the Institutions
732 1181 831 1233 me
124 1179 1187 1339 of the Govt to consider at, they are free to
126 1237 1289 1386 deal will me as with Balfour or Huxley,
126 1313 1225 1436 make for me a consultative position without
111 1376 1292 1497 direct responsibility & with time for my
110 1436 1323 1574 beloved Flora. I have worked in or for Kew for
126 1503 1357 1652 near 45 years, as a Collector, Describer & Director,
201 1556 1328 1676 Lastly I see no prospect of the utilisation of
135 1635 1284 1763 the Bentham bequest except under my
134 1689 1312 1829 supervision. The Icones want for better &
135 1753 1310 1895 closer watching than they get. Then there
126 1869 1332 1938 are your "Occasional papers" to bring out, the
119 1909 1360 2027 Bot. Mag. (which suffers badly from my haste,
127 1985 1360 2128 & my mind being so full of other matters, & my not
