1187 1847
90 40 1081 173 my dear Dyer lead where you
79 144 1106 264 cannot drive! & I fear that you
65 234 1178 332 with I are in the same position that
89 332 1154 423 I am with Smith -- we must get
103 423 1103 543 off the Donkey & pull them along
122 495 1109 612 now that we see how vast
86 597 1159 722 the accumulations from India are
96 698 1175 819 & what a time it must take, with
85 778 210 853 every
69 777 1117 920 exertion, to clean them off
80 891 1154 1006 I cannot but think that closing
480 967 742 1054 or even all
87 985 1161 1120 up one or two  Museums thoughout
93 1096 1088 1202 the summer will be imperative.
114 1181 1113 1279 Remember too the trouble we
92 1329 1070 1354 shall have in supervising the
108 1372 999 1497 building of No 1. -- & if No 2
108 1461 1081 1573 building is to go on at the same
100 1530 1120 1634 time that will add very much
531 1621 846 1696 of supervision
99 1643 1141 1777 to our burthens . Rome was not
