1513 2442
84 91 1466 130 the Garden is a wretched affair but I have
74 109 1403 240 improved my knowledge of Mediterranean
95 185 807 321 Pini a little already
90 280 1350 386 We go on Friday to Amalfi, Salerno &
106 363 1435 483 Paestum & so to Naples on Saturday. It
93 469 1447 599 is too windy for Capri & the "White grotto"
115 531 1431 668 & too cold for Monte St Angelo which I was
94 683 1452 744 very anxious to ascend (5000 ft) just above
85 735 259 864 this.
127 850 1445 983 Beccari turned up at Rome, where he
46 920 1389 1066 had gone to see the Florentine M.P. & urge
98 1065 1406 1150 his case, which he has done, in far
407 1082 1482 1228 Minister has stayed his hand & has requested
92 1151 1462 1272 successfully that the)  B to draw up a report.
784 1184 918 1239 eccari
78 1188 1459 1359 on the subject. All the Florentine Botanists
67 1280 1479 1447 except Caruel have signed a protest against
85 1373 1073 1496 the removal of the Herbarium.
123 1456 1382 1595 We saw the death of Mrs Meade in the
39 1519 1382 1662 Times & it made us miserable for many
60 1609 1433 1759 a week: -- he lost his first wife in the same
85 1699 1352 1842 way some 15 years ago leaving are only
95 1803 1355 1949 daughter; his 2d wife seemed in every
88 1884 1422 2043 way a most excellent choice both for his
44 1969 1327 2104 sake & for his young daughter's. He had
55 2053 1428 2203 purchased & furnished his house in Grosvenor
0 2140 1419 2284 a street & refurnished Englemere for her &
78 2273 1349 2350 they seemed a most devoted couple. I
26 2282 1364 2401 wrote at once to Mr Herbert asking him to
