1429 2172
206 105 1357 203 216 ADC; 49 Boissier: & so on..
205 229 1311 328 We go on the 2d to Bournemouth,
202 359 827 442 weather permitting.
290 421 1221 541 Thanks for the hints about
244 496 1247 647 strychnine & iron -- I had the
225 615 1329 745 former but was obliged to give it
233 703 1355 829 up. I really want nothing now
240 809 1258 917 but will tell my Dr  what you
221 915 1284 1020 say. I have followed your advice
245 1015 815 1103 as to Port wine.
309 1070 1249 1233 I congratulate Harriet on the
218 1187 1067 1331 Cat's recvey -- love to her
579 1309 907 1446 Ev affy
819 1500 1225 1657 Jos D Hooker
150 1661 1243 1766 The enclosed should I think be
198 1774 893 1863 with the Treub papers.
