1425 2426
779 272 1172 427 Sept. 30/81.
417 599 1262 803 Thanks for yours just
82 625 432 654 Dear Dyer
72 738 1386 905 received with the good news of Harriet,
67 913 873 934 to whom we give our love.
240 985 1316 1030 You are indeed having & most
92 1014 1255 1181 enjoyable time -- what a host of
123 1101 1291 1276 friends your have met! I envy
136 1219 1335 1383 you your visit to Gavarone, I should
129 1350 1155 1464 like to spend a week there.
219 1451 1338 1569 Nothing troublesome has occurned
111 1540 1345 1685 since you left & nothing of moment
133 1636 1330 1728 stands over for your return -- I have
103 1723 1311 1862 had lots of visitors -- inter alia the
119 1833 1324 1977 whole French Royal family minus the
101 1918 1358 2065 Duc d'Aumale -- my old acqaintances
123 2011 1384 2124 the Comte de Paris & Duc de Chartres seemed
110 2106 1319 2261 delighted to pay Kew another visit
167 2199 1273 2382 Bentham (81 last weck) has his
