1556 2426
937 131 1349 265 Castellamare
977 235 1412 366 March 23d/81.
122 434 556 580 My dear Dyer
475 493 1398 679 I received your letter last
85 612 1400 786 night, it said nothing of your health
111 735 1475 873 so I hope that you & Harriet & the children
122 827 1410 960 are "all right". We came on here after
90 925 1370 1062 a day at Rome & one at Naples, of
167 1019 1492 1136 which places we have seen but little
138 1091 1429 1225 as yet -- though we have made two
151 1186 1409 1324 visits to the latter from here, seeing
63 1286 1427 1407 the Museum on both occasions & Dohrns
189 1393 1424 1487 Aquarium on the last. Dohrn himself
211 1458 1397 1614 we also saw, & he was very polite
209 1550 1383 1706 showing us round & asking as to
204 1657 1424 1791 come again; his Aquarium is really
206 1747 1370 1885 magnificent. -- I never saw one so
180 1856 1451 2004 well kept nor (of course) so rich. The
221 1950 1468 2081 Crinoids were in grand condition with
233 2040 1366 2140 stems a yard high -- Octopus was in
199 2130 1458 2244 perfection -- a yard across the arms or
556 2210 754 2290 ordinary
214 2220 1392 2356 more -- their ordinary habits are most curious
194 2347 1470 2394 quite unlike any case I had formed of the
