<?xml version="1.0" encoding="UTF-8" standalone="yes"?>
<PcGts xmlns="http://schema.primaresearch.org/PAGE/gts/pagecontent/2013-07-15" xmlns:xsi="http://www.w3.org/2001/XMLSchema-instance" xsi:schemaLocation="http://schema.primaresearch.org/PAGE/gts/pagecontent/2013-07-15 http://schema.primaresearch.org/PAGE/gts/pagecontent/2013-07-15/pagecontent.xsd">
    <Metadata>
        <Creator>prov=READ-COOP:name=PyLaia@TranskribusPlatform:version=1.6.0:model_id=50597:lm=none:date=08_03_2023_15:42</Creator>
        <Created>2023-03-08T13:43:19.923+01:00</Created>
        <LastChange>2023-05-17T14:35:38.428+02:00</LastChange>
        <TranskribusMetadata docId="1357265" pageId="53154756" pageNr="4" tsid="121978446" status="DONE" userId="43461" imgUrl="https://files.transkribus.eu/Get?id=EWRMQUYKVFSVVCPVEQTZPKFL&amp;fileType=view" xmlUrl="https://files.transkribus.eu/Get?id=NMGEBCNJGUTZQZBFSFTQDVNE" imageId="43156890"/>
    </Metadata>
    <Page imageFilename="JDH_2_16_67a004.jpg" imageWidth="1579" imageHeight="2424">
        <ReadingOrder>
            <OrderedGroup id="ro_1684330804551" caption="Regions reading order">
                <RegionRefIndexed index="0" regionRef="tr_4"/>
                <RegionRefIndexed index="1" regionRef="tr_3"/>
                <RegionRefIndexed index="2" regionRef="tr_1"/>
                <RegionRefIndexed index="3" regionRef="tr_5"/>
                <RegionRefIndexed index="4" regionRef="tr_2"/>
            </OrderedGroup>
        </ReadingOrder>
        <Relations/>
        <TextRegion id="tr_4" custom="readingOrder {index:0;}">
            <Coords points="118,80 1434,80 1434,470 118,470"/>
            <TextLine id="tr_4_tl_1" custom="readingOrder {index:0;}">
                <Coords points="133,181 1426,133 1427,60 1153,48 136,116"/>
                <Baseline points="142,174 168,170 198,168 228,166 258,166 288,168 318,168 348,166 378,166 408,162 438,162 468,158 498,158 528,158 558,158 588,162 618,160 648,158 678,156 708,152 738,150 768,150 798,148 828,146 858,146 888,144 918,142 948,142 978,140 1008,142 1038,140 1068,138 1098,136 1128,136 1158,136 1188,132 1218,132 1248,132 1278,132 1308,130 1338,130 1368,130 1398,132 1430,134"/>
                <TextEquiv>
                    <Unicode>with Smith &amp; reduced the lawn</Unicode>
                </TextEquiv>
            </TextLine>
            <TextLine id="tr_4_tl_2" custom="readingOrder {index:1;}">
                <Coords points="108,255 386,329 529,253 780,288 977,236 1431,245 1421,160 1042,140 599,211 110,190"/>
                <Baseline points="118,252 144,252 174,252 204,252 234,254 264,252 294,252 324,252 354,254 384,254 414,252 444,250 474,252 504,250 534,250 564,248 594,246 624,246 654,248 684,244 714,242 744,242 774,240 804,240 834,242 864,240 894,238 924,236 954,238 984,236 1014,236 1044,234 1074,234 1104,230 1134,230 1164,230 1194,228 1224,228 1254,230 1284,226 1314,226 1344,228 1374,228 1404,228 1434,230"/>
                <TextEquiv>
                    <Unicode>mowing by one half -- Smith will</Unicode>
                </TextEquiv>
            </TextLine>
            <TextLine id="tr_4_tl_3" custom="readingOrder {index:2;}">
                <Coords points="143,358 581,344 667,384 1409,339 1411,261 1321,291 1205,246 1110,289 484,263 378,333 145,281"/>
                <Baseline points="152,350 154,352 184,350 214,352 244,352 274,354 304,352 334,352 364,352 394,352 424,350 454,350 484,346 514,346 544,344 574,344 604,344 634,340 664,338 694,336 724,336 754,336 784,334 814,334 844,330 874,330 904,328 934,324 964,322 994,322 1024,324 1054,324 1084,324 1114,324 1144,324 1174,322 1204,322 1234,318 1264,318 1294,318 1324,318 1354,318 1384,320 1414,328"/>
                <TextEquiv>
                    <Unicode>see to the K. of Hannover Grounds</Unicode>
                </TextEquiv>
            </TextLine>
            <TextLine id="tr_4_tl_4" custom="readingOrder {index:3;}">
                <Coords points="130,511 176,499 195,511 301,454 359,451 384,471 444,454 532,458 532,436 423,416 361,368 311,371 268,351 175,366 133,344"/>
                <Baseline points="140,460 146,460 176,458 206,454 236,456 266,454 296,454 326,454 356,452 386,452 416,450 446,450 476,450 506,452 536,454"/>
                <TextEquiv>
                    <Unicode>with me.</Unicode>
                </TextEquiv>
            </TextLine>
            <TextEquiv>
                <Unicode></Unicode>
            </TextEquiv>
        </TextRegion>
        <TextRegion id="tr_3" custom="readingOrder {index:1;}">
            <Coords points="110,462 1472,462 1472,868 110,868"/>
            <TextLine id="tr_3_tl_1" custom="readingOrder {index:0;}">
                <Coords points="240,579 517,539 684,594 854,536 1143,576 1466,547 1469,441 1281,369 1088,454 243,474"/>
                <Baseline points="250,546 272,546 302,542 332,542 362,542 392,540 422,540 452,542 482,538 512,538 542,540 572,540 602,538 632,538 662,538 692,542 722,540 752,538 782,538 812,534 842,532 872,532 902,530 932,526 962,522 992,518 1022,520 1052,516 1082,516 1112,516 1142,516 1172,514 1202,516 1232,518 1262,514 1292,514 1322,514 1352,512 1382,512 1412,512 1442,514 1472,518"/>
                <TextEquiv>
                    <Unicode>Juid is getting paper to paper</Unicode>
                </TextEquiv>
            </TextLine>
            <TextLine id="tr_3_tl_2" custom="readingOrder {index:1;}">
                <Coords points="100,661 858,669 1261,612 1419,662 1439,549 1284,589 1083,539 747,602 456,567 389,607 276,564 185,642 103,592"/>
                <Baseline points="110,654 120,654 150,654 180,654 210,656 240,654 270,652 300,652 330,650 360,650 390,650 420,650 450,646 480,644 510,644 540,642 570,642 600,642 630,642 660,640 690,640 720,640 750,640 780,636 810,636 840,634 870,632 900,632 930,630 960,630 990,628 1020,624 1050,624 1080,620 1110,618 1140,618 1170,616 1200,614 1230,612 1260,610 1290,608 1320,610 1350,610 1380,612 1410,610 1440,614"/>
                <TextEquiv>
                    <Unicode>at the Museum when the breaking</Unicode>
                </TextEquiv>
            </TextLine>
            <TextLine id="tr_3_tl_3" custom="readingOrder {index:2;}">
                <Coords points="151,770 1215,735 1258,730 1261,661 1091,622 958,687 611,656 349,704 155,667"/>
                <Baseline points="160,752 182,748 212,746 242,742 272,742 302,742 332,744 362,744 392,742 422,740 452,740 482,740 512,738 542,738 572,736 602,736 632,734 662,734 692,734 722,730 752,728 782,728 812,726 842,722 872,722 902,722 932,724 962,722 992,718 1022,718 1052,718 1082,714 1112,712 1142,710 1172,710 1202,708 1232,710 1262,712"/>
                <TextEquiv>
                    <Unicode>through takes place -- I keep</Unicode>
                </TextEquiv>
            </TextLine>
            <TextLine id="tr_3_tl_4" custom="readingOrder {index:3;}">
                <Coords points="125,907 200,915 304,865 416,898 456,870 557,863 710,882 782,868 782,804 626,777 581,807 492,789 393,809 208,757 123,787"/>
                <Baseline points="132,854 162,850 192,850 222,848 252,848 282,848 312,848 342,848 372,848 402,848 432,850 462,850 492,850 522,850 552,852 582,852 612,852 642,852 672,852 702,852 732,854 762,854 786,858"/>
                <TextEquiv>
                    <Unicode>Jackson at work:--</Unicode>
                </TextEquiv>
            </TextLine>
            <TextEquiv>
                <Unicode></Unicode>
            </TextEquiv>
        </TextRegion>
        <TextRegion id="tr_1" custom="readingOrder {index:2;}">
            <Coords points="156,864 1496,864 1496,1470 156,1470"/>
            <TextLine id="tr_1_tl_1" custom="readingOrder {index:0;}">
                <Coords points="235,967 1249,922 1253,802 902,810 664,907 529,868 414,903 236,877"/>
                <Baseline points="244,950 264,948 294,946 324,944 354,944 384,944 414,946 444,946 474,944 504,944 534,942 564,940 594,940 624,934 654,934 684,936 714,932 744,930 774,930 804,930 834,932 864,930 894,928 924,928 954,928 984,928 1014,926 1044,926 1074,928 1104,920 1134,916 1164,916 1194,916 1224,914 1254,916"/>
                <TextEquiv>
                    <Unicode>Old DC &amp; his wife are</Unicode>
                </TextEquiv>
            </TextLine>
            <TextLine id="tr_1_tl_2" custom="readingOrder {index:1;}">
                <Coords points="145,1071 639,1088 795,1027 1353,1013 1356,935 1289,917 958,928 845,1012 589,952 424,1002 148,995"/>
                <Baseline points="156,1044 186,1042 216,1042 246,1040 276,1038 306,1038 336,1036 366,1038 396,1036 426,1034 456,1034 486,1034 516,1034 546,1032 576,1030 606,1028 636,1026 666,1024 696,1024 726,1024 756,1024 786,1020 816,1022 846,1022 876,1022 906,1018 936,1016 966,1014 996,1012 1026,1008 1056,1006 1086,1006 1116,1004 1146,1000 1176,996 1206,996 1236,994 1266,994 1296,996 1326,998 1356,998"/>
                <TextEquiv>
                    <Unicode>coming to London about the</Unicode>
                </TextEquiv>
            </TextLine>
            <TextLine id="tr_1_tl_3" custom="readingOrder {index:2;}">
                <Coords points="196,1148 1045,1120 1230,1155 1343,1118 1344,1068 1230,1005 1060,1045 780,1025 604,1096 474,1058 331,1128 200,1086"/>
                <Baseline points="206,1146 238,1148 268,1150 298,1148 328,1144 358,1144 388,1142 418,1142 448,1142 478,1140 508,1136 538,1134 568,1130 598,1128 628,1126 658,1126 688,1126 718,1126 748,1124 778,1122 808,1122 838,1120 868,1118 898,1120 928,1120 958,1118 988,1118 1018,1116 1048,1108 1078,1106 1108,1102 1138,1104 1168,1102 1198,1102 1228,1102 1258,1104 1288,1104 1318,1108 1346,1114"/>
                <TextEquiv>
                    <Unicode>18th to meet the A. Grays.</Unicode>
                </TextEquiv>
            </TextLine>
            <TextLine id="tr_1_tl_4" custom="readingOrder {index:3;}">
                <Coords points="253,1263 739,1256 814,1293 940,1249 1326,1236 1329,1148 888,1130 790,1215 526,1190 456,1238 256,1160"/>
                <Baseline points="262,1254 278,1254 308,1254 338,1254 368,1254 398,1254 428,1254 458,1254 488,1250 518,1250 548,1250 578,1248 608,1248 638,1248 668,1248 698,1250 728,1250 758,1250 788,1252 818,1250 848,1248 878,1246 908,1244 938,1242 968,1242 998,1240 1028,1240 1058,1234 1088,1230 1118,1228 1148,1224 1178,1222 1208,1222 1238,1220 1268,1220 1298,1222 1328,1226"/>
                <TextEquiv>
                    <Unicode>I am forever with Reeve</Unicode>
                </TextEquiv>
            </TextLine>
            <TextLine id="tr_1_tl_5" custom="readingOrder {index:4;} textStyle {offset:22; length:10;underlined:true;}">
                <Coords points="156,1379 1492,1344 1494,1284 1358,1243 1058,1236 910,1314 744,1259 160,1281"/>
                <Baseline points="166,1360 176,1360 206,1358 236,1360 266,1358 296,1360 326,1358 356,1358 386,1358 416,1356 446,1358 476,1356 506,1356 536,1358 566,1352 596,1350 626,1350 656,1348 686,1346 716,1346 746,1344 776,1344 806,1342 836,1344 866,1342 896,1340 926,1338 956,1340 986,1338 1016,1334 1046,1332 1076,1332 1106,1328 1136,1326 1166,1326 1196,1326 1226,1324 1256,1326 1286,1326 1316,1326 1346,1328 1376,1326 1406,1328 1436,1328 1466,1330 1496,1334"/>
                <TextEquiv>
                    <Unicode>about the coloring of Bucklandia</Unicode>
                </TextEquiv>
            </TextLine>
            <TextLine id="tr_1_tl_6" custom="readingOrder {index:5;}">
                <Coords points="211,1486 840,1512 1010,1429 1353,1442 1356,1356 1289,1348 824,1411 215,1408"/>
                <Baseline points="222,1460 248,1458 278,1456 308,1456 338,1452 368,1452 398,1452 428,1454 458,1452 488,1452 518,1450 548,1450 578,1446 608,1446 638,1446 668,1444 698,1444 728,1446 758,1444 788,1442 818,1440 848,1438 878,1438 908,1436 938,1436 968,1434 998,1432 1028,1426 1058,1426 1088,1424 1118,1420 1148,1418 1178,1418 1208,1416 1238,1416 1268,1414 1298,1414 1328,1416 1358,1418"/>
                <TextEquiv>
                    <Unicode>plate, &amp; have written to him</Unicode>
                </TextEquiv>
            </TextLine>
            <TextEquiv>
                <Unicode></Unicode>
            </TextEquiv>
        </TextRegion>
        <TextRegion id="tr_5" custom="readingOrder {index:3;}">
            <Coords points="160,1474 1462,1474 1462,1908 160,1908"/>
            <TextLine id="tr_5_tl_1" custom="readingOrder {index:0;}">
                <Coords points="151,1586 790,1607 1027,1537 1424,1544 1427,1471 1268,1427 1003,1427 855,1517 155,1504"/>
                <Baseline points="160,1568 170,1568 200,1568 230,1564 260,1564 290,1562 320,1562 350,1562 380,1562 410,1564 440,1564 470,1564 500,1562 530,1560 560,1560 590,1558 620,1558 650,1558 680,1560 710,1558 740,1560 770,1558 800,1558 830,1556 860,1552 890,1550 920,1546 950,1542 980,1542 1010,1540 1040,1538 1070,1540 1100,1534 1130,1532 1160,1530 1190,1528 1220,1524 1250,1526 1280,1526 1310,1528 1340,1530 1370,1530 1400,1530 1430,1536"/>
                <TextEquiv>
                    <Unicode>that he cannot expect Mrs Dyer</Unicode>
                </TextEquiv>
            </TextLine>
            <TextLine id="l" custom="readingOrder {index:1;}">
                <Coords points="180,1652 194,1654 224,1654 254,1654 284,1656 314,1654 344,1656 374,1656 404,1656 434,1656 464,1654 494,1656 524,1656 554,1658 584,1656 614,1654 644,1656 674,1656 704,1656 734,1658 764,1658 794,1658 824,1658 854,1654 884,1654 914,1652 944,1648 974,1646 1004,1646 1034,1644 1064,1644 1094,1642 1124,1640 1154,1644 1266,1642 1296,1642 1326,1644 1356,1646 1386,1646 1416,1648 1446,1652 1462,1656 1466,1641 1449,1637 1417,1633 1386,1631 1356,1631 1327,1629 1296,1627 1266,1627 1155,1629 1124,1625 1093,1627 1064,1629 1034,1629 1004,1631 974,1631 943,1633 913,1637 884,1639 853,1639 823,1643 794,1643 764,1643 734,1643 704,1641 674,1641 644,1641 614,1639 583,1641 554,1643 524,1641 494,1641 464,1639 434,1641 404,1641 374,1641 344,1641 314,1639 284,1641 254,1639 224,1639 195,1639 182,1637"/>
                <Baseline points="180,1652 194,1654 224,1654 254,1654 284,1656 314,1654 344,1656 374,1656 404,1656 434,1656 464,1654 494,1656 524,1656 554,1658 584,1656 614,1654 644,1656 674,1656 704,1656 734,1658 764,1658 794,1658 824,1658 854,1654 884,1654 914,1652 944,1648 974,1646 1004,1646 1034,1644 1064,1644 1094,1642 1124,1640 1154,1644 1266,1642 1296,1642 1326,1644 1356,1646 1386,1646 1416,1648 1446,1652 1462,1656"/>
                <TextEquiv>
                    <Unicode>to do any more drawings for him </Unicode>
                </TextEquiv>
            </TextLine>
            <TextLine id="tr_5_tl_4" custom="readingOrder {index:2;}">
                <Coords points="176,1795 351,1762 1389,1797 1363,1690 1163,1729 992,1667 868,1719 800,1679 178,1712"/>
                <Baseline points="186,1774 192,1772 222,1766 252,1766 282,1764 312,1762 342,1758 372,1758 402,1758 432,1756 462,1758 492,1758 522,1758 552,1758 582,1760 612,1760 642,1760 672,1762 702,1764 732,1764 762,1766 792,1764 822,1764 852,1762 882,1760 912,1758 942,1756 972,1754 1002,1750 1032,1750 1062,1752 1092,1752 1122,1754 1152,1756 1182,1754 1212,1750 1242,1750 1272,1748 1302,1750 1332,1752 1362,1754 1392,1762"/>
                <TextEquiv>
                    <Unicode>for that both I as Editor &amp; she</Unicode>
                </TextEquiv>
            </TextLine>
            <TextLine id="tr_5_tl_5" custom="readingOrder {index:3;}">
                <Coords points="165,1867 1442,1900 1441,1817 1259,1790 165,1802"/>
                <Baseline points="174,1858 204,1854 234,1854 264,1856 294,1854 324,1852 354,1850 384,1850 414,1852 444,1850 474,1852 504,1852 534,1854 564,1858 594,1860 624,1862 654,1864 684,1866 714,1868 744,1866 774,1866 804,1864 834,1864 864,1862 894,1862 924,1860 954,1860 984,1858 1014,1856 1044,1854 1074,1856 1104,1860 1134,1866 1164,1866 1194,1864 1224,1862 1254,1866 1284,1866 1314,1870 1344,1874 1374,1878 1404,1886 1434,1896 1446,1898"/>
                <TextEquiv>
                    <Unicode>as artist, are disgraced by such</Unicode>
                </TextEquiv>
            </TextLine>
            <TextEquiv>
                <Unicode></Unicode>
            </TextEquiv>
        </TextRegion>
        <TextRegion id="tr_2" custom="readingOrder {index:4;}">
            <Coords points="152,1848 1476,1848 1476,2322 152,2322"/>
            <TextLine id="tr_2_tl_1" custom="readingOrder {index:0;}">
                <Coords points="923,1905 935,1905 945,1913 965,1903 978,1903 982,1907 987,1903 990,1907 1005,1903 1013,1910 1022,1910 1022,1875 1000,1870 992,1872 985,1865 973,1867 968,1863 923,1870"/>
                <Baseline points="932,1900 962,1900 992,1898 1022,1898 1024,1900"/>
                <TextEquiv>
                    <Unicode>our</Unicode>
                </TextEquiv>
            </TextLine>
            <TextLine id="tr_2_tl_2" custom="readingOrder {index:1;} textStyle {offset:17; length:4;strikethrough:true;}">
                <Coords points="171,1980 486,1948 692,2005 1226,1965 1472,2000 1472,1930 1376,1890 1236,1928 1115,1883 842,1878 759,1922 170,1890"/>
                <Baseline points="180,1964 210,1960 240,1956 270,1956 300,1956 330,1954 360,1954 390,1952 420,1950 450,1948 480,1948 510,1948 540,1950 570,1950 600,1952 630,1954 660,1954 690,1956 720,1956 750,1954 780,1956 810,1952 840,1950 870,1952 900,1950 930,1950 960,1950 990,1948 1020,1948 1050,1950 1080,1950 1110,1954 1140,1956 1170,1958 1200,1958 1230,1958 1260,1960 1290,1960 1320,1962 1350,1964 1380,1966 1410,1970 1440,1974 1470,1982 1476,1986"/>
                <TextEquiv>
                    <Unicode>reproductions of the work. I fear</Unicode>
                </TextEquiv>
            </TextLine>
            <TextLine id="tr_2_tl_3" custom="readingOrder {index:2;}">
                <Coords points="186,2066 1416,2065 1416,2005 1296,1983 1046,1975 930,2021 424,1975 353,2018 276,1977 186,2013"/>
                <Baseline points="196,2046 226,2046 256,2046 286,2046 316,2048 346,2050 376,2050 406,2050 436,2048 466,2048 496,2048 526,2046 556,2046 586,2048 616,2048 646,2048 676,2048 706,2048 736,2050 766,2050 796,2048 826,2048 856,2050 886,2050 916,2052 946,2050 976,2048 1006,2048 1036,2046 1066,2044 1096,2044 1126,2044 1156,2046 1186,2046 1216,2048 1246,2048 1276,2048 1306,2048 1336,2044 1366,2046 1396,2052 1420,2054"/>
                <TextEquiv>
                    <Unicode>it is all of no use. I hope that</Unicode>
                </TextEquiv>
            </TextLine>
            <TextLine id="tr_2_tl_4" custom="readingOrder {index:3;}">
                <Coords points="143,2153 870,2168 957,2131 1007,2171 1121,2140 1276,2171 1278,2085 1211,2061 145,2076"/>
                <Baseline points="152,2148 170,2144 200,2140 230,2140 260,2140 290,2140 320,2142 350,2140 380,2140 410,2140 440,2138 470,2138 500,2138 530,2136 560,2136 590,2134 620,2134 650,2132 680,2132 710,2130 740,2130 770,2128 800,2126 830,2128 860,2128 890,2124 920,2120 950,2118 980,2120 1010,2120 1040,2120 1070,2116 1100,2118 1130,2118 1160,2120 1190,2120 1220,2120 1250,2122 1280,2122"/>
                <TextEquiv>
                    <Unicode>he pays the colorist 30/ per 100!</Unicode>
                </TextEquiv>
            </TextLine>
            <TextLine id="tr_2_tl_5" custom="readingOrder {index:4;}">
                <Coords points="394,2253 489,2229 704,2281 824,2226 922,2244 923,2158 804,2178 730,2145 684,2176 567,2185 486,2141 394,2181"/>
                <Baseline points="404,2230 416,2230 446,2228 476,2226 506,2226 536,2226 566,2228 596,2226 626,2226 656,2226 686,2224 716,2228 746,2228 776,2230 806,2228 836,2226 866,2226 896,2222 926,2216"/>
                <TextEquiv>
                    <Unicode>Ever affy yours</Unicode>
                </TextEquiv>
            </TextLine>
            <TextLine id="tr_2_tl_6" custom="readingOrder {index:5;}">
                <Coords points="928,2339 1018,2314 1098,2343 1215,2329 1241,2348 1334,2303 1378,2314 1374,2161 1200,2191 1166,2165 1045,2151 993,2188 935,2194"/>
                <Baseline points="940,2312 962,2306 992,2302 1022,2298 1052,2294 1082,2288 1112,2286 1142,2284 1172,2282 1202,2282 1232,2280 1262,2280 1292,2280 1322,2286 1352,2288 1382,2298"/>
                <TextEquiv>
                    <Unicode>JDHooker</Unicode>
                </TextEquiv>
            </TextLine>
            <TextEquiv>
                <Unicode></Unicode>
            </TextEquiv>
        </TextRegion>
    </Page>
</PcGts>
