1605 2512
92 79 1396 144 Churches is marvellous, but most
106 183 1322 240 unsatisfactory at the best, & even
70 269 1467 348 suggesting the fact that the buildings
118 384 1440 570 far the more wonderful of the two.
91 367 1457 442 from which the materials came were
75 642 1514 775 comparative merits of marble & bronze
156 597 1509 636 I never before had a clear idea of the
92 801 1473 830 & am surprised to find how much
109 829 1518 952 more realistic the latter seems to me
126 915 1523 1071 of the two. Of all the marbles, I never
121 1173 1546 1208 to think that you could arrest the
122 1077 1467 1118 knew one of which you were tempted
861 1200 1361 1270 on the other hand
136 1265 1534 1298 action portrayed; -- whilst the you
122 1379 1564 1510 bronze runners in the Naples Museum.
140 1355 1426 1384 feel that you could trip up the
156 1498 1503 1627 -- that if you had your foot before one
138 1577 1431 1731 he would be down on his face in a
174 1679 1548 1808 moment. -- I was much struck too
129 1778 1555 1910 with the advantage discoloration gave
135 1891 1521 2005 to the marble -- I am sure that the
99 1995 1501 2083 so called dying gladiator's perfection
113 2074 1505 2206 it enhanced by this, it is the most
113 2183 1516 2303 impressive piece of sculpture I ever saw
129 2258 1505 2414 it compells admiration in every one.
142 2415 1486 2452 The bad light in the Vatican renders it
