1513 2481
944 237 1301 276 Craigflower
947 306 1412 452 Aug 1879
107 556 584 749 My dear Dyer
377 641 1332 792 We have on the whole
86 749 1347 890 better weather than you have
435 854 553 926 one
94 866 1372 1020 though no fine day at all. On
114 976 1424 1127 that of the Cattle sale at Dunmore,
146 1070 1396 1197 it rained torrentially, or with
73 1165 392 1273 intervals of
99 1178 1441 1309 close--set penetrating wind driven
163 1265 1411 1423 showers for the whole day & as
153 1350 1341 1552 Colvile & I got no place in the
204 1437 1402 1649 stand, we were miserably off.
171 1553 1418 1760 Tullyallan is a grand house near
161 1664 1343 1851 Kincardine in Fife --  belonged to
198 1870 1320 2058 Naval Engagements & fine
167 1841 1448 1900 Lord Keith & is full of pictures of
187 1972 1363 2165 mezzotints of Romney, Reynolds &
233 2098 1251 2279 Copley, of Naval & Military
428 2209 1296 2387 Edinburgh worthies &
143 2206 377 2381 Heroes
