1529 2444
1393 66 2425 357 Salt Lake City
1692 256 2056 512 Utah
1551 415 2056 676 Aug 7
117 667 1110 1058 My dear Dyer
659 898 2345 1196 I received your wellcome
369 1086 768 1279 of July 13
104 1118 2247 1390 letter at Denvers two days ago --
104 1303 2438 1513 it had arrived after me all round
156 1479 2406 1744 Colorado. I need not say I am
163 1657 2381 1871 most glad to hear of your being
178 1835 2443 2057 settled & not altogether overwhelmed
176 2011 2323 2245 with the duties, though for the
132 2186 2321 2515 present they must be very hard
141 2386 2299 2577 & trying. Mrs Hodgson most
174 2544 2450 2821 kindly wrote me a little account
228 2747 2359 3030 of her visit to you & Harriet -
144 2919 2175 3136 which made me very glad.
195 3104 2340 3307 As for me I never worked
83 3270 2228 3506 harder in my life -- there is so
1476 3439 2415 3674 the incessant
94 3482 1123 3669 much to learn
646 3597 1432 3751 collecting & packing
159 3631 2313 3855 travelling adds enormously to
176 3788 984 4033 the drudgery.
1184 3792 2306 4048 I am very pleased
