1509 2426
169 17 338 112 by the
93 120 1403 240 understand why the F.C. won't answer
97 83 1442 132 through - Treasuy Enquiry. I cannot  17
96 205 1396 349 my letter. I fear he is a "malignant."
206 318 1220 442 I cannot suppose that there is
1185 367 1356 425 death
675 396 885 462 report of
76 415 1322 560 any feeling about the Bentham's
93 521 1398 643 It no doubt arose through Mrs Bentham's
95 587 1371 707 death, & lingers on as such reports,
80 655 1324 824 do. It is one of the evils of the spread
74 757 1305 929 of Education! That all such gossip is
88 855 1173 999 dispersed so widely, & propagated
105 977 838 1093 without consideration.
198 1032 1356 1159 I saw Mr Waller yesterday about
47 1126 1239 1251 the prospective house, & like what I
91 1190 1252 1364 have seen. He took us to see some
118 1312 1161 1459 of his work, which is very good.
8 1368 1368 1550 with We have promised to go & lunch
71 1454 1170 1635 Sir W. Guise on Tuesday, returning
108 1540 1317 1696 that night to Kew. I have never
81 1635 1349 1789 seen Elmore, as often as I have been asked.
220 1728 1295 1884 With love to Harriet & the children
895 1882 1318 2068 Jos. D. Hooker
455 1939 810 1966 Ever yr aff
