1395 2130
1135 8 1259 117 186
734 56 1069 172 Oct. 16.05
947 218 1166 280 THE CAMP.
928 294 1200 367 SUNNINCDALE.
203 504 604 653 My dear Dyer
444 630 1144 768 I am very sorry indeed
209 733 1157 860 to hear of Stapf's intentions, in
235 818 1248 942 which I hope that he will not be
233 921 1184 1027 successful. Rendle is a very good
208 1013 1277 1127 Systematic Botanist; has been 17 years
236 1085 1271 1196 on the Museum Staff, is greatly liked &
231 1195 1173 1305 it is only fair that he should
225 1273 1252 1381 get the post. He is good enough for it.
345 1359 1259 1459 Thanks for what you tell me
268 1444 1226 1554 about Brian, I agree with every
284 1532 1204 1650 word of it. I have put him on
251 1614 1303 1708 a mere existence allowance, (a little
264 1708 1234 1803 over £250 for self wife & clothing for
242 1788 1320 1867 themselves & children & keep of the latter
239 1871 1281 1965 during holidays -- Also I have the school
224 1918 1313 2044 bills sent to me to be paid & keep &
