1404 2137
614 4 1228 181 Pindock Suerday
769 158 1151 287 Sec 27.86
121 322 500 493 Dear Dyer
392 388 1332 579 Your packet & welcome letter
128 502 1265 686 arrived today, via Nash Mills,
133 591 1195 782 to which you had inadvertently
117 689 1268 852 redirected it. It was accompanied by
139 743 1234 945 a letter from Evans, repeating the
156 840 1260 1023 kind message regarding Charlie.
159 934 1269 1104 The enclosure from the Board in re
149 1018 1240 1196 Steudel upset me: that such
137 1094 1271 1295 good tidings should be read by a
509 1211 1252 1333 of underhand dealing
509 1306 658 1377 have
166 1243 1319 1424 that should blinded the readers to the
156 1266 516 1367 suspicion
172 1351 1282 1492 clearest & most explicit statements.
160 1418 1332 1573 is disheartening, & I am puzzled how
171 1495 1325 1645 to answer it. My first thoughts were
182 1577 1292 1742 to suggest a rereading of the letter,
185 1664 1351 1799 but on second thoughts I have kept
172 1723 1317 1899 the letter for calmer moments. I do
177 1815 1266 1952 not remember ever to have had a
188 1886 1303 2033 worse time with the Board -- it is a
191 1959 1306 2121 long lane that has no turning & we
