1387 2171
372 31 1060 156 Marine Villa
473 136 1268 279 South Terrace
552 264 1273 456 Littlehampton
213 525 659 681 My dear Dyer
442 626 1313 771 Scott wrote to me a few
256 771 1227 878 days ago, asking my opinion of
269 865 1252 1005 the claims of the 4 botanical
294 960 1237 1068 candidates for F.R.S. & I gave
294 1060 1211 1182 it emphatically for Seward;
302 1198 1284 1271 at the same time saying all
278 1271 1245 1377 I could for Gamble. I have
294 1369 1278 1473 studied Seward's work carefully
304 1463 1292 1574 & read his last "Fossil Plants",
311 1571 1273 1689 through & through, & am much
310 1662 1187 1773 struck with his grasp of the
309 1774 1300 1878 subject, clear views & excellent
311 1852 1160 1968 style, scientific & literary --
299 1965 1286 2051 adding to this that he has been
