1365 2127
108 24 909 176 must just be patient.
67 138 1199 276 I quite agree as to the requirements of
57 225 1253 383 the Cryptogamic Department, but we
51 314 1207 440 must take care lest by making our
54 405 1319 523 wants too urgent we may not suggest
21 493 345 557 to the Board
62 474 1199 592 the division of labour with the B.M.
86 542 1291 686 If such an idea was to suggest itself to
46 613 1322 752 a man like Lefever, he would attempt
76 706 1327 846 to carry it, through. Let the B.M. appear
285 789 464 862 chief
60 760 1318 930 as the sinner in the matter of demands
82 850 1292 1012 for aid, & we shall profit in the long
82 1009 1240 1185 won't continue in the office if he has
104 974 1199 1059 run I feel sure that Mitford
74 1082 1257 1272 a chance of escape; & it is difficult.
111 1156 1296 1319 to say whether he prompted the F.C.
106 1253 1300 1411 to the "concurrence"; or the F.C. made
100 1338 1269 1484 him write the minute. Lefever is
112 1413 1118 1590 ignorant enough for anything, &
98 1511 1162 1665 Mitford should know better.
198 1627 1229 1760 It is curious how the estimates
103 1693 1235 1861 of Lyells life, I mean regarding the
90 1791 1162 1942 length of the book vary with the
73 1867 1238 1999 acquaintance the reader has with the
76 2000 1260 2055 times & people it treats of I would
