1416 2183
145 134 1245 264 the knees (but not painfull), & they are
155 294 1137 385 marvellous in number interest &
163 410 1231 472 execution -- No naval exped ever did
805 470 999 536 & bodies
217 490 1193 607 the like -- the heads of birds by Dr
201 604 1285 696 Wilson are the perfection of orni
164 690 1299 821 -thological drawing & coloring -- they are
181 823 707 913 absolutely alive.
360 899 1299 1016 I hope you will enjoy your short
196 1006 893 1134 holiday with Harriet.
856 1142 908 1194 y
603 1120 897 1267 Ever affy
842 1225 1210 1401 Jos D Hooker.
