1437 2155
147 190 1175 299 mildewed condition of his later
131 281 1263 396 life. He was a very different being
134 386 1172 533 as I knew him at Darjeeling (i.e.
131 504 1335 637 when well there), full of animation
126 602 1232 690 & brimming over with information.
1033 679 1322 748 irreverence,
156 706 1363 800 I could understand Yule's irreveren
125 801 1272 920 but I cannot the objection founded on
136 919 1293 1030 his so called marriage, or alliance
134 988 1266 1151 to a "Mohomdea Lady"! as Hunter,
140 1124 1330 1255 with what I can only suppose to be with
126 1220 1285 1351 humourously calls it her. She was
1054 1290 1304 1401 Katman
137 1327 1210 1444 just a girl out of the Bazaar, at
1261 1379 1303 1435 du
48 1415 1331 1551 a Hindoo I suppose, who Hodgson no doubt
139 1528 1263 1671 bought. At Darjiling she lived in one
133 1657 1290 1783 room of a hut behind H's bungalow,
132 1750 1269 1870 with one native woman to attend on
120 1837 1354 1988 her, & Hodgson told me that he had
127 1959 1321 2087 no communication with her, & very rarely
