1599 2509
202 78 1358 226 catch me at Zurich (Monte
175 283 1290 308 Ventrule). Thence, after seeing
918 306 979 381 St
153 327 1302 468 Heer, to Paris. Hotel Romaino
167 446 655 550 Rue St. Roch.
199 550 1447 707 I am very sick of church seeing &
162 658 1405 822 Madonnas -- but was very glad to
174 792 1572 928 visit Venice again & test my former
141 902 1048 1029 experience of the effect of its
139 1031 1430 1161 school of art on my mind. I am
160 1183 1438 1214 more impressed than ever with
146 1229 1529 1349 the grandness of the Venation school
150 1456 1459 1604 nothing comes up to my admiration
174 1401 1368 1438 as well as with the coloring &
171 1583 1501 1705 of it as a whole. No where is the
168 1749 1478 1780 power of pictoral art conveyed
160 1787 1431 1954 so visibly to my mind as in the
161 1973 1352 2002 Academy here, & I still think
158 2006 1508 2157 Titians assumption & Presentation
139 2126 1442 2267 the most magnificent pictures
160 2224 613 2358 I ever saw.
210 2395 1442 2440 From Florence we visited Sciena
