1400 2192
126 382 336 442 untired
423 380 538 440 man
608 376 687 436 the
775 372 914 432 full
958 367 1150 427 setery

134 506 211 566 the
250 501 313 561 dd
375 498 383 558 &
461 494 602 554 tried
672 494 718 554 --
742 493 781 553 it
828 491 859 551 is
898 492 914 552 a
976 487 1085 547 sort
1148 482 1194 542 of

143 606 515 666 retrrnagancs
576 597 654 657 too
724 588 922 648 immon
1027 594 1078 654 to
1105 592 1208 652 his

156 708 315 768 class,
363 700 474 760 very
510 691 793 751 speciding
866 688 952 748 the
1026 683 1221 743 money

137 802 340 862 because
413 798 521 858 they
582 798 714 858 have
738 802 822 862 get
869 801 917 861 it
978 798 1025 858 to
1074 797 1279 857 spend.

210 911 220 971 I
277 912 332 972 am
399 910 607 970 writing
682 906 719 966 to
795 900 907 960 him
992 902 1191 962 about

135 1024 332 1084 Sharpe
394 1019 403 1079 &
475 1010 689 1070 Martin
743 1008 797 1068 --
833 1002 922 1062 my
949 998 1226 1058 detention

122 1124 232 1184 here
283 1122 320 1182 is
356 1120 363 1180 a
408 1120 525 1180 good
613 1116 839 1176 excuse.
920 1120 935 1180 I
993 1114 1184 1174 almost

130 1226 251 1286 wish
319 1216 388 1276 we
464 1213 570 1273 had
654 1209 730 1269 let
844 1202 1087 1262 masters

130 1320 346 1380 explade
379 1316 422 1376 in
465 1310 540 1370 the
594 1294 941 1354 Chriniele.

190 1416 199 1476 I
217 1411 345 1471 quite
400 1406 610 1466 believe
684 1393 811 1453 that
884 1386 921 1446 if
966 1382 1049 1442 we
1113 1382 1259 1442 cold

124 1508 432 1568 recorganige
496 1498 577 1558 the
650 1488 741 1548 Bot
776 1481 940 1541 Garden
986 1476 1212 1536 Forewen

185 1605 254 1665 we
323 1598 492 1658 might
562 1592 623 1652 do
685 1583 831 1643 better
885 1582 915 1642 to
985 1576 1123 1636 hove
1154 1577 1285 1637 such

189 1693 195 1753 a
242 1687 355 1747 man
415 1686 461 1746 as
548 1679 788 1739 Wateern
861 1671 1141 1731 supreme

1002 1804 1207 1864 Frreneee.

140 1772 251 1832 head
306 1770 408 1830 over
482 1772 565 1832 all
640 1766 723 1826 the
788 1762 1000 1822 tuthore
1105 1752 1152 1812 It
1191 1746 1285 1806 will

151 1864 338 1924 always
375 1864 419 1924 be
472 1866 711 1926 difficult
778 1863 815 1923 to
853 1860 927 1920 get
1017 1850 1151 1910 were

161 2065 170 2125 &
234 2059 333 2119 yeal
387 2056 424 2116 to
487 2049 767 2109 undertake
839 2042 984 2102 such
1092 2035 1201 2095 very

153 1958 249 2018 with
306 1954 538 2014 duffirend
642 1948 963 2008 knowledge
1013 1934 1215 1994 activity
