1545 2454
174 1021 1427 1164 wood. Scarce a fragment of these upper
158 1131 1395 1220 stories remain: -- if they were burnt, as
131 1201 1436 1337 supposed, they must have left quantities
150 1293 1455 1407 of charcoal amongst the debris below, & in
145 1366 1409 1514 the holes where the joists went, but
170 1472 1341 1594 I could find none; nor any in the
146 1587 1461 1717 sections of the cliffs where the excavations,
117 624 1427 766 thus communicated. The town was a very
146 777 1444 828 large one & stood on a long eminence
723 811 888 883 2- &
124 823 1352 951 its houses were all & some 3 storied
167 937 1404 1029 buildings. These upper stories being of
99 71 1438 192 understand, after examining the surroundings
842 140 1444 269 in the theory if it.
83 155 536 267 I cannot take
1128 235 1286 332 same
90 248 515 384 being covered
861 238 1455 388 up by the eruption
94 413 1434 446 that practically destroyed it & drove out
832 519 1315 611 of the woodwork by the
123 503 1362 552 the inhabitants. nor that of the
128 599 1400 636 "red hot" rapilli & destruction of fire
133 1667 1414 1839 are being continued on a level with
150 1744 1380 1897 that of the upper stories, & yet these
755 1836 917 1905 roof
150 1841 1375 1999 cliffs are full of broken tiles & bricks
88 1916 1453 2076 & the cliffs are formed of rapilli of pumice,
85 2007 1404 2184 in layers of greater or less fineness
179 2108 1371 2280 The appearance to me is that the
128 2271 1435 2326 great Eruption filled the town half or
138 2345 1402 2388 three quarters full of stifling rapilli & ashes
