1345 2169
134 209 1283 337 up for now three years, & Gamble
190 335 1134 463 only two I felt that his
189 457 1036 530 claims were the greatest.
198 548 1203 650 Gambles' Bambuseae is no
183 665 1309 744 doubt excellent -- but it is founded
208 741 1215 854 on Munro's work, which it very
220 849 1207 956 closely follows.  Perhaps his India
235 920 963 993 Forest trees is his best claim.
267 980 1059 1089 I have had several long
172 1069 1281 1188 discussions with Stapf. about his
179 1204 1133 1270 claims, & hope I have done
180 1298 1135 1406 some good. The order is, in a
204 1396 1215 1496 systematic point of view, by far
200 1502 1232 1613 the most puzzling of Phanerogams --
215 1600 1212 1698 & I should not be surprised to
207 1698 1181 1815 isee startling innovations before
226 1794 1214 1909 they are done with. Stapf. has
179 1901 1297 2008 introduced great improvements in the
204 1998 1210 2108 Indian clavis (of Fl.B.I) & as to
