1353 2198
752 46 1077 163 Oct. 12. 85
552 178 1163 314 Cragside, Monday
583 274 837 371 Rothbury.
114 349 543 512 My dear Dyer
346 440 1248 545 This is a wonderful place &
63 502 1299 606 in some ways were exceeded my expectations.
102 591 1265 669 It is not so much either a Garden or a
95 656 1289 760 plantation, as a wilderness blossoming like
114 725 1186 806 the rose -- & more comparable to the
114 783 1249 880 Rhodod. region of the Himalaya than
148 862 1288 992 any thing there known to me. Possibly
122 949 1153 1056 the Alleghenies of Sth Carolina may
135 1008 1259 1123 present similar features of clothing &
135 1096 1334 1193 colour. I hardly know how to portray it
122 1182 1276 1266 to you -- fancy a long rather steep slope
145 1243 1273 1371 of craggy hillside, 1000 ft high, dipping
146 1311 1262 1431 down to a roaring torrent, the whole
112 1403 1134 1511 clothed from top to bottom for nearly
449 1471 639 1536 planted
102 1480 1271 1557 2 miles with verdure -- in primis Rhod-
86 1554 1283 1637 adendron & Kilmias Gualtheria, interspersed
177 1617 1273 1717 the slopes with clumps of Oak, Scotch fir
9 1673 595 1746 Birch, Douglassfir, Aucuparia,
397 1702 916 1803 but these not in clumps
109 1721 1271 1768 & Maples & in the ravine with these & all
86 1760 1202 1870 sorts of Conifers.  Along the paths cut in
122 1820 1266 1950 every direction, & which above wind amongst
102 1902 1254 1983 very fine rocks & cliffs are great areas
111 1980 1186 2093 of Callunas & Ericas of all species &
106 2095 1269 2132 varieties, Kalmias, Sedum & those sorts of
