1358 2205
87 33 1251 168 that should be done, in the
793 186 1178 298 especially
55 178 486 290 Arboretum
87 288 1173 425 Strachey is I suppose back
102 416 1304 563 in London now, he was to
-1 542 1157 668 be at Aviemore last week.
125 662 1263 773 I hope that what we wrote
78 780 1284 923 about Mr Talbot is the right
63 900 1298 1033 thing. I puzzled good deal
94 1022 1259 1140 over it & thought much over
61 1117 1241 1275 it since, but to no further
70 1239 1252 1351 avail. I am most anxious
76 1349 1224 1479 to stand well with the I.O.
110 1467 1259 1633 Thenls for what you have
78 1593 1213 1737 done about Eaton. I had
111 1702 1272 1853 quite forgotten Lyallia which
103 1837 1277 1980 should of course be figured
77 1925 877 2052 & the them Uncinia.
158 2035 1209 2184 I dare say that the Calcutta
