1579 2427
23 33 1387 227 a grand view of the Alps from Monte Rosa
57 173 520 331 to Monte Visa.
42 246 1312 366 From Genoa we took the train to Pisa,
54 331 1356 517 arriving in time to take one view of the
54 447 1392 617 Duomo, which is to my mind the most
50 525 1392 655 satisfactory Italian Cathedral I know, the
78 640 1311 801 lines of the interior are most beautiful
107 765 1342 886 & the pink decorations quite in keeping
76 837 1302 997 throughout. The Cathedral Baptistry &
97 994 1377 1043 town all stand in an open area,  &
75 1018 1418 1175 the effect by moonlight is delicious (but
75 1111 1468 1290 it was awfully cold) -- Next morning early
97 1207 1416 1366 we revisited it & spent all the time
99 1304 1472 1470 we could in the Campo Santo; where the
83 1392 1413 1567 wonderful frescos deserve any amount of
88 1498 1432 1649 study. We left by the Train at 11 am
83 1566 1347 1758 meeting Betsy White (that was) at the
87 1661 1430 1855 station -- she seemed so glad to see us
113 1756 1413 1931 but looked wretchedly pale thin & with
97 1893 1392 2037 face discolored red & white that I
80 1938 1403 2148 did not know her -- pray say nothing of
94 2037 1321 2183 this at Kew, as it would grieve her
135 2126 1318 2280 parents so if it came to their ears --
97 2224 1375 2351 she said she was very well & her baby
173 2342 1046 2383 too, & asked warmly  for you all
