1440 2239
19 46 1300 194 to take Gov Irving's advice, to retain
712 123 979 199 (a Mr Dyer!)
518 142 583 218 young
88 153 1200 290 the services of a man, in the Colony
53 257 1320 430 (of whom Prestoe highly approves) & who
91 349 1240 505 has been doing Clerks' duty as piece
271 449 545 551 for Prestoe
84 453 1300 615 work he can be got for £130 rising
732 561 1277 690 £160 (I think).
134 579 669 735 by £10 annually to
188 657 1192 818 Now don't you come back so
105 768 1183 950 long as you are happy holidaying.
99 865 1339 1039 I will tell you if any thing occurs in which
110 983 776 1106 you might be needed.
280 979 1227 1133 I think I have got Smith to
100 1071 1194 1248 look sweetly on young Brischeles
131 1205 1237 1374 coming & giving Nicholson more
134 1289 1136 1439 garden duties -- but I shall
167 1390 1195 1540 settle nothing till you return.
257 1508 1210 1629 With best love to Harriet
166 1621 1202 1750 & to my dear did friends
193 1740 652 1879 the Hodgsons.
524 1828 838 1959 Aff yours
633 1986 1026 2153 JD Hooker
