1350 2158
847 102 1169 257 Jay 26 /97.
1019 247 1222 302 THE CAMP.
983 312 1250 376 SUNNINGDALE.
142 437 566 585 My dear Dyer
353 521 1247 654 As soon as I can get to Kew
169 647 1173 754 I will go into the matter of the
168 738 1221 883 Cypripedia. The Indian Orchideae
179 848 1239 982 want revision throughout -- the
197 935 1210 1064 task was too heavy a one for a
194 1025 1256 1138 Flora that had to be brought out
209 1132 1262 1225 within a reasonable period, & my
208 1191 1231 1348 copy is full of notes errata and
205 1346 485 1416 addenda.
353 1392 1104 1513 I had not heard of the
189 1513 1172 1628 discovery of Antherozoids in Cycas
218 1606 1143 1713 & Salisburia -- it is a very
201 1707 773 1839 far reaching one.
311 1784 1172 1877 Scotts  researches interest me
198 1898 1153 2009 greatly, though overleaping my
