<?xml version="1.0" encoding="UTF-8" standalone="yes"?>
<PcGts xmlns="http://schema.primaresearch.org/PAGE/gts/pagecontent/2013-07-15" xmlns:xsi="http://www.w3.org/2001/XMLSchema-instance" xsi:schemaLocation="http://schema.primaresearch.org/PAGE/gts/pagecontent/2013-07-15 http://schema.primaresearch.org/PAGE/gts/pagecontent/2013-07-15/pagecontent.xsd">
    <Metadata>
        <Creator>prov=University of Rostock/Institute of Mathematics/CITlab|PLANET AI GmbH/Gundram Leifert/gundram.leifert@planet-ai.de:name=English writing M2(htr_id=19809)::::v=2.6.6
prov=University of Rostock/Institute of Mathematics/CITlab|PLANET AI GmbH/Tobias Gruening/tobias.gruening@planet-ai.de:name=de.uros.citlab.module.baseline2polygon.B2PSeamMultiOriented:v=2.6.6
prov=University of Rostock/Institute of Mathematics/CITlab|PLANET AI GmbH/Tobias Gruening/tobias.gruening@planet-ai.de:name=/net_tf/LA73_249_0mod360.pb:de.uros.citlab.segmentation.CITlab_LA_ML:v=2.6.6
Transkribus</Creator>
        <Created>2020-06-20T22:09:53.419-04:00</Created>
        <LastChange>2020-06-23T01:45:16.714+02:00</LastChange>
        <TranskribusMetadata docId="416479" pageId="16536060" pageNr="1" tsid="32421007" status="DONE" userId="43461" imgUrl="https://files.transkribus.eu/Get?id=SOIMKAVUAQDZYOBBFEYRVZOT&amp;fileType=view" xmlUrl="https://files.transkribus.eu/Get?id=JKLGYXRKMFHZHKJHXGWOCCJX" imageId="12329022"/>
    </Metadata>
    <Page imageFilename="JDH_2_16_154_001.jpg" imageWidth="1311" imageHeight="2178">
        <ReadingOrder>
            <OrderedGroup id="ro_1684330943827" caption="Regions reading order">
                <RegionRefIndexed index="0" regionRef="r1"/>
            </OrderedGroup>
        </ReadingOrder>
        <TextRegion orientation="0.0" id="r1" custom="readingOrder {index:0;}">
            <Coords points="16,36 16,2073 1266,2073 1266,36"/>
            <TextLine id="r1l1" custom="readingOrder {index:0;}">
                <Coords points="987,136 1006,124 1018,131 1043,109 1076,122 1099,113 1129,124 1164,118 1151,19 1113,36 1086,21 1078,25 1036,12 1001,31 973,36"/>
                <Baseline points="989,98 1016,95 1043,91 1070,86 1097,83 1124,80 1151,78"/>
                <TextEquiv>
                    <Unicode>154</Unicode>
                </TextEquiv>
            </TextLine>
            <TextLine id="r1l2" custom="readingOrder {index:1;}">
                <Coords points="856,233 898,227 924,251 970,219 1014,238 1088,236 1107,220 1123,222 1124,147 1080,126 1061,144 1028,123 1001,129 939,86 899,112 857,108"/>
                <Baseline points="864,190 889,190 914,191 939,191 964,192 990,193 1015,193 1040,193 1065,193 1090,192 1116,190"/>
                <TextEquiv>
                    <Unicode>Jay6/97</Unicode>
                </TextEquiv>
            </TextLine>
            <TextLine id="r1l3" custom="readingOrder {index:2;}">
                <Coords points="13,283 52,279 80,257 97,258 122,244 129,231 154,236 183,223 166,149 118,161 86,184 57,188 48,182 31,193 -10,192"/>
                <Baseline points="16,266 42,261 69,256 96,249 123,242 150,235 177,226"/>
                <TextEquiv>
                    <Unicode>Ans</Unicode>
                </TextEquiv>
            </TextLine>
            <TextLine id="r1l4" custom="readingOrder {index:3;}">
                <Coords points="965,290 994,287 1023,303 1045,289 1060,300 1069,293 1079,299 1102,292 1115,300 1162,299 1163,262 1139,253 1122,264 1066,241 1013,257 967,245"/>
                <Baseline points="973,280 999,282 1025,283 1051,283 1077,284 1103,285 1129,286 1155,288"/>
                <TextEquiv>
                    <Unicode>THE CAMP.</Unicode>
                </TextEquiv>
            </TextLine>
            <TextLine id="r1l5" custom="readingOrder {index:4;}">
                <Coords points="930,374 970,371 1000,386 1099,360 1107,369 1132,367 1146,382 1172,367 1184,379 1199,376 1200,338 1159,315 1135,322 1096,313 1080,321 1055,307 1008,326 932,315"/>
                <Baseline points="939,346 964,349 989,351 1015,352 1040,353 1066,353 1091,354 1116,354 1142,355 1167,356 1193,358"/>
                <TextEquiv>
                    <Unicode>SUNNINGDALE.</Unicode>
                </TextEquiv>
            </TextLine>
            <TextLine id="r1l6" custom="readingOrder {index:5;}">
                <Coords points="79,584 130,583 153,602 220,555 267,573 356,545 437,583 458,561 536,552 535,525 518,531 427,488 300,514 277,503 234,528 156,469 78,490"/>
                <Baseline points="85,558 111,556 137,555 163,554 189,553 215,552 241,552 267,552 293,551 319,551 345,551 371,551 397,551 423,552 449,552 475,552 501,552 528,551"/>
                <TextEquiv>
                    <Unicode>My dear Dyer</Unicode>
                </TextEquiv>
            </TextLine>
            <TextLine id="r1l7" custom="readingOrder {index:6;}">
                <Coords points="366,679 620,667 743,696 926,648 1091,665 1090,596 1042,586 874,630 803,609 752,636 693,604 630,648 434,584 366,587"/>
                <Baseline points="373,659 408,661 444,662 479,664 515,665 550,666 586,667 621,667 657,668 692,668 728,668 763,668 799,667 834,667 870,665 905,664 941,663 976,662 1012,659 1047,657 1083,655"/>
                <TextEquiv>
                    <Unicode>I return Poulton with</Unicode>
                </TextEquiv>
            </TextLine>
            <TextLine id="r1l8" custom="readingOrder {index:7;}">
                <Coords points="67,796 595,807 1202,757 1201,709 801,737 624,701 502,748 302,716 190,748 66,709"/>
                <Baseline points="74,768 130,769 186,770 242,770 298,770 354,770 410,770 466,770 522,769 578,769 634,768 690,767 746,766 802,765 858,764 914,762 970,760 1026,759 1082,757 1138,755 1194,752"/>
                <TextEquiv>
                    <Unicode>many thanks, it has interested me</Unicode>
                </TextEquiv>
            </TextLine>
            <TextLine id="r1l9" custom="readingOrder {index:8;}">
                <Coords points="77,903 171,868 250,906 723,863 1125,914 1214,887 1214,827 1061,790 838,842 668,805 404,845 356,807 77,828"/>
                <Baseline points="84,869 140,870 196,870 252,870 308,869 364,868 420,867 476,866 532,865 588,864 645,863 701,862 757,861 813,861 869,861 925,861 981,862 1037,863 1093,865 1149,867 1206,870"/>
                <TextEquiv>
                    <Unicode>greatly. He makes too much of Huxley --</Unicode>
                </TextEquiv>
            </TextLine>
            <TextLine id="r1l10" custom="readingOrder {index:9;}">
                <Coords points="91,987 283,1000 398,965 556,1000 604,962 733,985 826,955 1068,1007 1067,916 965,933 912,893 735,938 431,921 392,948 225,948 91,901"/>
                <Baseline points="98,967 146,967 194,967 242,967 290,967 338,966 386,966 434,965 482,964 530,963 579,962 627,962 675,961 723,960 771,960 819,959 867,959 915,960 963,960 1011,961 1060,962"/>
                <TextEquiv>
                    <Unicode>He is quite wrong about Huxley's</Unicode>
                </TextEquiv>
            </TextLine>
            <TextLine id="r1l11" custom="readingOrder {index:10;}">
                <Coords points="103,1079 1126,1076 1158,1008 102,1038"/>
                <Baseline points="110,1074 162,1073 214,1072 266,1070 318,1069 370,1068 422,1068 474,1067 526,1066 578,1066 630,1065 682,1065 734,1064 786,1063 838,1063 890,1062 942,1061 994,1061 1046,1060 1098,1059 1151,1057"/>
                <TextEquiv>
                    <Unicode>answer to the Bp. at Oxford, &amp; it's</Unicode>
                </TextEquiv>
            </TextLine>
            <TextLine id="r1l12" custom="readingOrder {index:11;}">
                <Coords points="138,1178 574,1163 630,1208 721,1155 1208,1169 1207,1123 1081,1107 138,1123"/>
                <Baseline points="145,1167 197,1166 250,1165 303,1164 356,1163 409,1162 461,1161 514,1160 567,1159 620,1158 673,1157 725,1156 778,1155 831,1155 884,1154 937,1154 989,1154 1042,1154 1095,1154 1148,1155 1201,1155"/>
                <TextEquiv>
                    <Unicode>effect is all through Newton's desire</Unicode>
                </TextEquiv>
            </TextLine>
            <TextLine id="r1l13" custom="readingOrder {index:12;}">
                <Coords points="103,1259 343,1288 790,1241 920,1246 970,1286 1176,1262 1176,1225 1079,1198 533,1223 454,1197 403,1231 328,1183 186,1228 103,1209"/>
                <Baseline points="110,1254 165,1255 221,1256 277,1256 332,1255 388,1254 444,1253 500,1251 555,1250 611,1248 667,1247 723,1245 778,1245 834,1245 890,1245 946,1246 1001,1248 1057,1252 1113,1256 1169,1262"/>
                <TextEquiv>
                    <Unicode>to belittle belittle both, calling it a</Unicode>
                </TextEquiv>
            </TextLine>
            <TextLine id="r1l14" custom="readingOrder {index:13;}">
                <Coords points="133,1365 1015,1363 1144,1348 1143,1301 840,1321 674,1268 516,1266 470,1299 395,1283 331,1332 194,1287 132,1324"/>
                <Baseline points="140,1342 189,1345 239,1347 289,1348 339,1349 389,1349 438,1349 488,1348 538,1347 588,1346 638,1345 687,1344 737,1342 787,1341 837,1341 887,1340 936,1340 986,1341 1036,1342 1086,1344 1136,1346"/>
                <TextEquiv>
                    <Unicode>'drawn battle'! I have written to</Unicode>
                </TextEquiv>
            </TextLine>
            <TextLine id="r1l15" custom="readingOrder {index:14;}">
                <Coords points="91,1478 908,1449 1259,1494 1273,1431 1043,1384 751,1441 659,1399 310,1444 90,1378"/>
                <Baseline points="98,1460 156,1462 214,1463 273,1464 331,1463 390,1463 448,1462 506,1460 565,1459 623,1458 682,1456 740,1455 798,1454 857,1453 915,1453 974,1453 1032,1454 1090,1456 1149,1459 1207,1464 1266,1468"/>
                <TextEquiv>
                    <Unicode>F. Darwin about it. As to Pangenesis</Unicode>
                </TextEquiv>
            </TextLine>
            <TextLine id="r1l16" custom="readingOrder {index:15;}">
                <Coords points="103,1575 548,1589 620,1555 783,1599 1003,1548 1268,1610 1269,1534 1059,1534 960,1487 863,1530 666,1531 605,1491 406,1538 240,1494 103,1530"/>
                <Baseline points="110,1549 167,1553 225,1555 282,1557 340,1558 397,1558 455,1558 512,1557 570,1556 627,1555 685,1554 743,1553 800,1553 858,1553 915,1554 973,1557 1030,1560 1088,1565 1145,1570 1203,1578 1261,1588"/>
                <TextEquiv>
                    <Unicode>, it was as the 'parting of the ways' with</Unicode>
                </TextEquiv>
            </TextLine>
            <TextLine id="r1l17" custom="readingOrder {index:16;}">
                <Coords points="94,1674 544,1653 1160,1689 1174,1644 794,1641 607,1592 527,1644 364,1605 197,1630 95,1588"/>
                <Baseline points="101,1644 154,1647 207,1649 260,1651 314,1653 367,1654 420,1656 474,1656 527,1658 580,1658 634,1659 687,1660 740,1661 793,1662 847,1663 900,1664 953,1665 1007,1666 1060,1668 1113,1670 1167,1672"/>
                <TextEquiv>
                    <Unicode>Darwin and me. I never could even</Unicode>
                </TextEquiv>
            </TextLine>
            <TextLine id="r1l18" custom="readingOrder {index:17;}">
                <Coords points="213,1719 235,1719 254,1703 264,1709 281,1697 292,1708 314,1704 322,1711 338,1709 346,1719 379,1717 383,1662 332,1684 311,1674 297,1676 286,1665 273,1671 259,1661 216,1677"/>
                <Baseline points="222,1691 247,1696 272,1700 297,1702 322,1703 347,1704 372,1705"/>
                <TextEquiv>
                    <Unicode>grasp</Unicode>
                </TextEquiv>
            </TextLine>
            <TextLine id="r1l19" custom="readingOrder {index:18;}">
                <Coords points="137,1758 231,1790 615,1756 798,1795 902,1763 1196,1799 1197,1753 1075,1718 139,1710"/>
                <Baseline points="145,1744 197,1745 249,1746 301,1747 353,1748 406,1749 458,1749 510,1750 562,1750 614,1751 667,1751 719,1752 771,1754 823,1755 875,1757 928,1760 980,1762 1032,1766 1084,1770 1136,1774 1189,1780"/>
                <TextEquiv>
                    <Unicode>entertain the notion of what were</Unicode>
                </TextEquiv>
            </TextLine>
            <TextLine id="r1l20" custom="readingOrder {index:19;}">
                <Coords points="140,1854 794,1848 888,1870 963,1852 964,1825 832,1793 642,1831 612,1806 540,1823 142,1778"/>
                <Baseline points="148,1829 188,1832 228,1836 269,1838 309,1840 350,1841 390,1842 430,1844 471,1844 511,1845 552,1846 592,1846 632,1847 673,1847 713,1848 754,1849 794,1850 834,1852 875,1853 915,1855 956,1858"/>
                <TextEquiv>
                    <Unicode>neither molecular nor atom.</Unicode>
                </TextEquiv>
            </TextLine>
            <TextLine id="r1l21" custom="readingOrder {index:20;}">
                <Coords points="223,1949 564,1946 668,1977 720,1940 1100,1951 1187,2000 1212,1914 938,1923 882,1878 513,1907 459,1880 333,1919 225,1850"/>
                <Baseline points="231,1934 279,1935 328,1937 376,1938 425,1939 474,1940 522,1940 571,1940 619,1941 668,1941 717,1941 765,1941 814,1942 862,1942 911,1943 960,1945 1008,1946 1057,1948 1105,1950 1154,1954 1203,1957"/>
                <TextEquiv>
                    <Unicode>Your estimate of Hodgson is very</Unicode>
                </TextEquiv>
            </TextLine>
            <TextLine id="r1l22" custom="readingOrder {index:21;}">
                <Coords points="124,2059 961,2049 1044,2079 1093,2062 1094,1988 833,2027 775,1993 667,2018 611,1970 513,2015 125,1991"/>
                <Baseline points="131,2031 178,2033 226,2035 274,2038 321,2039 369,2041 417,2042 464,2043 512,2044 560,2044 608,2045 655,2046 703,2046 751,2047 798,2047 846,2048 894,2049 941,2049 989,2050 1037,2051 1085,2052"/>
                <TextEquiv>
                    <Unicode>just -- as we knew him in the</Unicode>
                </TextEquiv>
            </TextLine>
            <TextEquiv>
                <Unicode>154&#13;
Jay6/97&#13;
Ans&#13;
THE CAMP.&#13;
SUNNINGDALE.&#13;
My dear Dyer&#13;
I return Poulton with&#13;
many thanks, it has interested me&#13;
greatly. He makes too much of Huxley --&#13;
He is quite wrong about Huxley's&#13;
answer to the Bp. at Oxford, &amp; it's&#13;
effect is all through Newton's desire&#13;
to belittle belittle both, calling it a&#13;
'drawn battle'! I have written to&#13;
F. Darwin about it. As to Pangenesis&#13;
, it was as the 'parting of the ways' with&#13;
Darwin and me. I never could even&#13;
grasp&#13;
entertain the notion of what were&#13;
neither molecular nor atom.&#13;
Your estimate of Hodgson is very&#13;
just -- as we knew him in the</Unicode>
            </TextEquiv>
        </TextRegion>
    </Page>
</PcGts>
