1312 2174
51 41 1170 202 his way as the man at the L. U.
122 140 1193 305 I regret to say that I cannot get
41 259 1220 410 away till the 9 am train on Thursday.
60 360 1130 494 These good people asked a party
43 447 1170 605 before we arrived to visit us on
41 541 1165 681 Wednesday night; they have been
40 646 1223 824 vainly trying to coax their friend
62 759 1215 912 to come another day instead, m
63 861 1176 998 because I was so anxious to get
72 953 1228 1112 away on Wednesday afternoon -- so
90 1025 1252 1184 I felt sund it would be unkind
112 1151 580 1301 not to stay.
184 1251 1173 1362 We had a polemical sermon
77 1345 1187 1512 at the Cathedral today from Bishop
84 1457 1254 1598 of Manchester; a great mistake
118 1557 1251 1679 for it was quite uncalled for -- no
118 1651 1145 1798 one in any section having in any
116 1758 1155 1891 way trodden on toes theological.
91 1867 1108 1958 It was Eloquent & in a certain
121 1966 1139 2083 sense able, but misjudged  &
