1402 2211
134 68 1276 196 as a Member. As soon as I get the
131 182 1316 345 Ceylon Flora off my hands I shall set to
146 332 698 416 work to get more.
313 416 1256 568 I went to the Levee yesterday
97 522 1240 657 taken by Sir E Fanshawe as usual, &
95 631 1293 760 spent a delightful day with him, Lot.
94 727 1232 848 accompanying me -- leaving this morning.
105 817 1297 913 He had to present a Grandson, a quiet youth
105 920 1226 1000 just appointed to a Halifax Regt and
111 995 1196 1119 smothered in military millinery, the
106 1073 1202 1201 extravagant gaud of which is a thing to
83 1173 1247 1284 dream of. -- How the Govt. can sanction it is
114 1278 1278 1371 a marvel. The very waistcoat, worn under
116 1346 1298 1458 the shell-- jacket is one mass of gold embroidery on
122 1421 1279 1514 White Satin! -- beautiful indeed. His outfit
572 1484 795 1547 & his pay
103 1508 1247 1609 cost £500 & £300 a year is the best he
88 1597 1293 1716 can do with in a very quiet cavalry Regiment
106 1659 1265 1794 for which no examination is required!!!
454 1726 572 1808 ra
787 1796 1264 1949 Jos D Hooker
149 1937 1236 2066 I shall go & see Paget. Except Sabina
63 2056 1070 2167 Smith he is quite my oldest friend.
