1440 2164
159 245 1300 358 fowarded as soon as I hear further
218 333 1150 436 The Director was for sending the
135 422 1308 537 ornineals as a gift to Paris, & our having copies
148 530 1145 605 made. -- this as an acknowledgement of
168 632 1262 707 the loan of the specimens -- but I think they
165 700 1286 799 are well paid by the 6 months hard labor
149 817 1296 906 I have had in Olegisfying depicting drawing,
137 916 634 1009 & describing then --
152 981 1186 1094 Am I to be allwed any more Icones
978 1039 1094 1103 Part
152 1059 1235 1175 plates? -- I expected in whole number at
155 1145 1236 1284 least I will gladly subscribe £20 00
138 1285 305 1356 in aid
189 1369 1164 1503 Lecom writes that he may have
129 1482 1169 1562 received more plants recently from China
139 1548 1194 1664 & Indo China, &asks my authority to
143 1626 1222 1758 send them (for examination, I suppose)
175 1739 1188 1823 For I should of course, ask them to
154 1829 1231 1917 be sent to Kew direct. shall I do so?
148 1913 1264 2024 he does not say that there are any Impatiens
147 2019 506 2100 amongst them.
