1579 2410
151 1617 1435 1832 with Watson & Smith & that
213 1863 1289 2008 be folly to send the three
192 1805 1434 1864 we are agreed that it would
156 1954 1384 2108 little plants. This brought
140 2069 1200 2196 orders to me to instruct
134 2261 1371 2298 Cross to take out only the three
80 361 278 495 copy of
153 422 1421 586 one from Cross to I.O. in which
148 619 1440 656 he as good as refuses to go out
1037 773 1408 845 accompanying
172 741 1398 800 except with all the plants.
134 777 1364 974 The I.O. ask me (in the letter
130 1045 1354 1232 reason to change my views
200 1005 1338 1048 to me) whether I have any
156 1305 1314 1434 should go. I answer that I
166 1243 1264 1294 in regard to what plants
185 1416 1281 1571 have none, that I have
162 1561 1448 1632 carefully examined the plants
