1384 2187
51 319 1250 467 the steps & access to the Verandah
89 447 1174 549 which will I am sure prove a
509 544 1287 656 there will be attraction
95 586 498 668 nuisance --
103 652 1217 787 enough inside the building,
103 764 1293 896 & at any rate I think we should
145 859 1127 987 wait & see how we can
101 966 1147 1086 manage the inside before
95 1024 1266 1193 attracting people to the outlide.
100 1172 531 1277 or a lounge.
180 1247 1108 1400 Lesseles promised me that
63 1364 1144 1511 nothing should be done about
103 1476 1247 1581 the water until the papers were
104 1594 1186 1706 submitted to me & expressed
101 1679 1199 1798 himself hotly against giving any
116 1776 1151 1913 water at all. As you say the
100 1904 1181 2040 Treasury has made a complete
127 2022 347 2152 mess of
389 2019 1036 2146 the whole affair.
