<?xml version="1.0" encoding="UTF-8" standalone="yes"?>
<PcGts xmlns="http://schema.primaresearch.org/PAGE/gts/pagecontent/2013-07-15" xmlns:xsi="http://www.w3.org/2001/XMLSchema-instance" xsi:schemaLocation="http://schema.primaresearch.org/PAGE/gts/pagecontent/2013-07-15 http://schema.primaresearch.org/PAGE/gts/pagecontent/2013-07-15/pagecontent.xsd">
    <Metadata>
        <Creator>prov=University of Rostock/Institute of Mathematics/CITlab|PLANET AI GmbH/Gundram Leifert/gundram.leifert@planet-ai.de:name=JDHooker_1(htr_id=25179)::::v=2.6.6
prov=University of Rostock/Institute of Mathematics/CITlab|PLANET AI GmbH/Tobias Gruening/tobias.gruening@planet-ai.de:name=de.uros.citlab.module.baseline2polygon.B2PSeamMultiOriented:v=2.6.6
prov=University of Rostock/Institute of Mathematics/CITlab|PLANET AI GmbH/Tobias Gruening/tobias.gruening@planet-ai.de:name=/net_tf/LA73_249_0mod360.pb:de.uros.citlab.segmentation.CITlab_LA_ML:v=2.6.6
Transkribus</Creator>
        <Created>2020-07-19T17:48:48.937-04:00</Created>
        <LastChange>2023-05-17T01:36:48.494+02:00</LastChange>
        <TranskribusMetadata docId="437082" pageId="17691669" pageNr="1" tsid="121949619" status="DONE" userId="43461" imgUrl="https://files.transkribus.eu/Get?id=XUHKYCDBVNRLIBQWJGFFQWNE&amp;fileType=view" xmlUrl="https://files.transkribus.eu/Get?id=FFGAGCANAXRYDRRXHVOYZAQZ" imageId="13355412"/>
    </Metadata>
    <Page imageFilename="JDH_2_16_47_001.jpg" imageWidth="1334" imageHeight="2225">
        <ReadingOrder>
            <OrderedGroup id="ro_1684330851551" caption="Regions reading order">
                <RegionRefIndexed index="0" regionRef="r2"/>
            </OrderedGroup>
        </ReadingOrder>
        <Relations/>
        <TextRegion orientation="0.0" id="r2" custom="readingOrder {index:0;}">
            <Coords points="93,105 93,2160 1288,2160 1288,105"/>
            <TextLine id="r2l1" custom="readingOrder {index:0;}">
                <Coords points="738,185 779,168 886,165 916,179 934,163 959,173 1003,159 1054,178 1095,154 1170,158 1163,67 1111,60 1071,78 1006,63 969,85 887,79 836,55 752,90 731,80"/>
                <Baseline points="744,176 770,172 796,169 822,166 848,163 874,160 900,158 926,155 952,153 978,151 1004,149 1030,148 1056,147 1082,147 1108,147 1134,147 1161,148"/>
                <TextEquiv>
                    <Unicode>Tortworth</Unicode>
                </TextEquiv>
            </TextLine>
            <TextLine id="r2l3" custom="readingOrder {index:1;}">
                <Coords points="804,351 830,350 857,348 884,346 911,344 938,341 964,339 991,338 1018,338 1045,339 1186,377 1190,363 1047,324 1018,323 991,323 963,324 937,326 910,329 883,331 856,333 829,335 803,336"/>
                <Baseline points="804,351 830,350 857,348 884,346 911,344 938,341 964,339 991,338 1018,338 1045,339 1186,377"/>
                <TextEquiv>
                    <Unicode>Decr 2/ 78</Unicode>
                </TextEquiv>
            </TextLine>
            <TextLine id="r2l4" custom="readingOrder {index:2;}">
                <Coords points="129,581 188,592 203,579 340,574 364,588 420,557 520,580 516,502 448,490 403,458 349,481 222,455 169,476 122,462"/>
                <Baseline points="135,568 160,566 185,563 210,562 235,559 260,557 285,556 310,554 335,553 360,551 385,550 410,549 435,548 460,548 485,547 511,547"/>
                <TextEquiv>
                    <Unicode>Dear Dyer</Unicode>
                </TextEquiv>
            </TextLine>
            <TextLine id="r2l5" custom="readingOrder {index:3;}">
                <Coords points="221,688 1130,618 1127,576 924,597 816,559 719,625 591,626 439,568 332,580 219,645"/>
                <Baseline points="227,667 271,667 316,665 361,664 406,662 451,660 495,657 540,654 585,652 630,649 675,646 719,643 764,639 809,636 854,634 899,631 943,628 988,626 1033,624 1078,623 1123,621"/>
                <TextEquiv>
                    <Unicode>Mr Delmar Morgan's</Unicode>
                </TextEquiv>
            </TextLine>
            <TextLine id="r2l6" custom="readingOrder {index:4;}">
                <Coords points="87,796 193,780 280,828 455,754 649,773 753,735 949,800 1041,737 1208,747 1234,689 1088,691 931,624 854,681 579,684 454,739 175,694 84,746"/>
                <Baseline points="93,779 149,777 206,775 263,773 320,770 376,767 433,763 490,759 547,756 603,753 660,749 717,745 774,742 830,739 887,735 944,733 1001,730 1057,728 1114,726 1171,725 1228,724"/>
                <TextEquiv>
                    <Unicode>address is 15 Roland Gardens</Unicode>
                </TextEquiv>
            </TextLine>
            <TextLine id="r2l7" custom="readingOrder {index:5;}">
                <Coords points="143,912 334,875 642,930 700,876 835,907 907,848 1254,833 1249,748 1127,786 1055,756 971,826 903,779 736,819 670,780 516,794 411,855 301,809 139,850"/>
                <Baseline points="149,892 203,889 258,887 313,884 368,881 423,878 478,875 533,872 588,869 643,866 698,862 752,859 807,856 862,853 917,850 972,846 1027,843 1082,840 1137,837 1192,834 1247,831"/>
                <TextEquiv>
                    <Unicode>NW. - Kindly put the two</Unicode>
                </TextEquiv>
            </TextLine>
            <TextLine id="r2l8" custom="readingOrder {index:6;}">
                <Coords points="157,1007 413,1009 817,940 948,941 1012,989 1112,935 1265,950 1261,887 1159,907 1097,856 1009,918 777,883 709,929 413,933 349,895 306,935 152,920"/>
                <Baseline points="163,988 217,987 272,986 327,984 381,981 436,978 491,974 545,970 600,965 655,961 710,957 764,953 819,949 874,945 928,942 983,940 1038,939 1092,938 1147,939 1202,941 1257,944"/>
                <TextEquiv>
                    <Unicode>brochures up into one parcel</Unicode>
                </TextEquiv>
            </TextLine>
            <TextLine id="r2l9" custom="readingOrder {index:7;}">
                <Coords points="157,1112 609,1113 709,1064 978,1051 1097,1082 1212,1047 1209,989 1169,1013 1091,960 984,1032 923,1000 827,1038 767,1005 689,1042 519,1003 364,1057 226,1018 154,1054"/>
                <Baseline points="163,1095 215,1094 267,1092 319,1091 371,1088 423,1086 475,1083 527,1081 579,1077 631,1074 684,1071 736,1069 788,1065 840,1063 892,1060 944,1058 996,1055 1048,1054 1100,1052 1152,1051 1205,1051"/>
                <TextEquiv>
                    <Unicode> &amp; direct them to de Regel</Unicode>
                </TextEquiv>
            </TextLine>
            <TextLine id="r2l10" custom="readingOrder {index:8;}">
                <Coords points="688,1136 812,1104 959,1139 1088,1143 1158,1102 1245,1112 1244,1070 1201,1049 1096,1082 979,1051 925,1071 807,1061 781,1082 726,1070 687,1090"/>
                <Baseline points="695,1115 722,1115 749,1114 776,1114 803,1114 830,1113 857,1112 884,1111 911,1110 938,1110 966,1109 993,1108 1020,1107 1047,1106 1074,1106 1101,1105 1128,1105 1155,1105 1182,1105 1209,1105 1237,1106"/>
                <TextEquiv>
                    <Unicode>send the Aponogeton</Unicode>
                </TextEquiv>
            </TextLine>
            <TextLine id="r2l11" custom="readingOrder {index:9;}">
                <Coords points="167,1222 278,1211 342,1260 419,1195 718,1183 874,1226 974,1174 1215,1189 1238,1113 1157,1103 1037,1162 809,1108 724,1148 655,1105 590,1164 478,1131 339,1175 165,1167"/>
                <Baseline points="173,1204 226,1202 279,1200 332,1198 385,1196 438,1195 491,1192 544,1191 597,1188 650,1187 703,1185 756,1183 809,1181 862,1180 915,1178 968,1177 1021,1176 1074,1175 1127,1174 1180,1173 1233,1173"/>
                <TextEquiv>
                    <Unicode>care of Mr D. Morgan -- Also</Unicode>
                </TextEquiv>
            </TextLine>
            <TextLine id="r2l12" custom="readingOrder {index:10;}">
                <Coords points="234,1333 665,1285 815,1329 945,1286 1026,1330 1125,1280 1259,1283 1256,1231 1160,1193 1094,1251 943,1209 858,1258 715,1207 566,1271 436,1240 364,1275 304,1229 230,1235"/>
                <Baseline points="241,1318 291,1314 342,1309 392,1305 443,1302 493,1298 544,1295 594,1292 645,1289 695,1287 746,1285 796,1283 847,1281 897,1280 948,1278 998,1277 1049,1276 1099,1274 1150,1273 1200,1272 1251,1271"/>
                <TextEquiv>
                    <Unicode>We have a huge party here.</Unicode>
                </TextEquiv>
            </TextLine>
            <TextLine id="r2l13" custom="readingOrder {index:11;}">
                <Coords points="119,1419 425,1387 691,1412 943,1366 1289,1398 1286,1316 1243,1302 1068,1304 1001,1347 904,1298 801,1357 725,1308 509,1350 446,1318 352,1364 117,1347"/>
                <Baseline points="125,1399 182,1399 240,1397 298,1396 356,1394 414,1392 471,1389 529,1387 587,1384 645,1382 703,1379 760,1377 818,1375 876,1374 934,1373 992,1372 1049,1372 1107,1373 1165,1375 1223,1377 1281,1380"/>
                <TextEquiv>
                    <Unicode>We came down with Froude &amp; his</Unicode>
                </TextEquiv>
            </TextLine>
            <TextLine id="r2l14" custom="readingOrder {index:12;}">
                <Coords points="160,1501 268,1519 397,1476 538,1511 598,1480 829,1521 917,1469 1080,1522 1130,1473 1218,1490 1185,1400 1073,1430 1005,1391 971,1420 846,1404 788,1435 722,1407 649,1445 572,1398 492,1453 158,1416"/>
                <Baseline points="168,1495 220,1492 272,1490 324,1487 376,1485 428,1483 480,1481 532,1479 584,1477 636,1475 688,1474 740,1472 792,1470 844,1469 896,1468 948,1467 1000,1466 1052,1466 1104,1465 1156,1465 1209,1465"/>
                <TextEquiv>
                    <Unicode>daur &amp; Martin (Theodore) &amp;</Unicode>
                </TextEquiv>
            </TextLine>
            <TextLine id="r2l15" custom="readingOrder {index:13;}">
                <Coords points="182,1593 566,1627 815,1573 1166,1572 1204,1562 1202,1495 1149,1475 1030,1550 849,1511 755,1552 669,1497 596,1554 496,1506 432,1550 180,1538"/>
                <Baseline points="189,1589 239,1588 289,1588 340,1587 390,1586 441,1584 491,1583 541,1581 592,1580 642,1578 693,1576 743,1574 793,1572 844,1571 894,1569 945,1568 995,1566 1045,1565 1096,1564 1146,1564 1197,1563"/>
                <TextEquiv>
                    <Unicode>his wife. Here also are Ld</Unicode>
                </TextEquiv>
            </TextLine>
            <TextLine id="r2l16" custom="readingOrder {index:14;}">
                <Coords points="168,1710 275,1702 331,1740 630,1679 1247,1678 1276,1602 1128,1600 1063,1641 910,1570 804,1631 730,1593 631,1661 461,1605 405,1655 279,1608 166,1658"/>
                <Baseline points="175,1697 229,1698 284,1697 339,1696 394,1695 449,1693 503,1690 558,1688 613,1685 668,1682 723,1679 777,1677 832,1674 887,1671 942,1669 997,1668 1051,1666 1106,1666 1161,1666 1216,1667 1271,1668"/>
                <TextEquiv>
                    <Unicode>&amp; Lady Somers, Ld Aberdeen &amp; his</Unicode>
                </TextEquiv>
            </TextLine>
            <TextLine id="r2l17" custom="readingOrder {index:15;}">
                <Coords points="179,1784 448,1806 639,1775 813,1841 1002,1764 1111,1835 1296,1799 1296,1755 1235,1723 989,1740 882,1686 803,1753 736,1700 677,1737 548,1710 400,1772 179,1729"/>
                <Baseline points="187,1777 242,1780 297,1783 352,1784 407,1785 462,1785 517,1785 572,1784 627,1783 682,1782 737,1781 792,1780 847,1779 902,1778 957,1778 1012,1778 1067,1779 1122,1780 1177,1782 1232,1785 1288,1789"/>
                <TextEquiv>
                    <Unicode>daur -- Mr &amp; Mrs York (neighbours</Unicode>
                </TextEquiv>
            </TextLine>
            <TextLine id="r2l18" custom="readingOrder {index:16;}">
                <Coords points="173,1952 350,1898 462,1896 512,1934 600,1884 665,1925 706,1893 993,1919 1046,1885 1240,1890 1257,1821 1133,1851 1056,1808 969,1863 727,1796 634,1847 580,1819 388,1846 318,1809 171,1860"/>
                <Baseline points="179,1902 232,1898 286,1895 339,1893 393,1891 447,1889 500,1888 554,1886 607,1885 661,1885 715,1884 768,1883 822,1883 875,1882 929,1882 983,1881 1036,1880 1090,1879 1143,1877 1197,1875 1251,1873"/>
                <TextEquiv>
                    <Unicode>of Pendock) -- J. Shaw Lefevre &amp;</Unicode>
                </TextEquiv>
            </TextLine>
            <TextLine id="r2l19" custom="readingOrder {index:17;}">
                <Coords points="187,2010 444,2008 519,2045 869,1998 945,2037 1044,1980 1168,1979 1167,1928 1030,1914 930,1957 745,1901 604,1937 562,1916 509,1963 450,1915 392,1957 310,1959 251,1915 185,1950"/>
                <Baseline points="193,2003 241,2003 289,2003 338,2003 386,2003 435,2002 483,2001 531,2000 580,1999 628,1997 677,1996 725,1994 773,1993 822,1991 870,1989 919,1988 967,1986 1015,1985 1064,1983 1112,1981 1161,1980"/>
                <TextEquiv>
                    <Unicode>his wife (Ld Ds daughter)</Unicode>
                </TextEquiv>
            </TextLine>
            <TextLine id="l" custom="readingOrder {index:18;}">
                <Coords points="198,2122 242,2122 287,2122 332,2121 377,2121 422,2120 467,2120 512,2119 557,2119 602,2118 647,2118 691,2117 736,2117 781,2117 826,2116 871,2117 916,2117 961,2117 1006,2118 1051,2119 1096,2120 1118,2133 1145,2136 1172,2134 1199,2130 1226,2126 1253,2124 1280,2127 1282,2112 1253,2109 1224,2111 1197,2115 1170,2119 1145,2121 1123,2119 1100,2106 1051,2104 1006,2103 961,2102 916,2102 871,2102 826,2101 781,2102 736,2102 691,2102 647,2103 602,2103 557,2104 512,2104 467,2105 422,2105 377,2106 332,2106 287,2107 242,2107 198,2107"/>
                <Baseline points="198,2122 242,2122 287,2122 332,2121 377,2121 422,2120 467,2120 512,2119 557,2119 602,2118 647,2118 691,2117 736,2117 781,2117 826,2116 871,2117 916,2117 961,2117 1006,2118 1051,2119 1096,2120 1118,2133 1145,2136 1172,2134 1199,2130 1226,2126 1253,2124 1280,2127"/>
                <TextEquiv>
                    <Unicode>Mr Alfred Denison (brother of the</Unicode>
                </TextEquiv>
            </TextLine>
            <TextEquiv>
                <Unicode>Tortworth
47
Decr 2/
Dear Dyer
Mr Delmar Morgan's
address is 15 Roland Gardens
NW. - Kindly put the two
brochures up into one parcel
 &amp; direct them to de Regel
send the Aponogeton
care of Mr D. Morgan -- Also
We have a huge party here.
We came down with Froude &amp; his
daur &amp; Martin (Theodore) &amp;
his wife. Here also are Ld
&amp; Lady Somers, Ld Aberdeen &amp; his
daur -- Mr &amp; Mrs York (neighbours
of Pendock) -- J. Shaw Lefevre &amp;
his wife (Ld Ds daughter)
Mr Alfred Denison (brother
of the</Unicode>
            </TextEquiv>
        </TextRegion>
    </Page>
</PcGts>
