1347 2167
985 -2 1149 163 1172
785 109 1219 236 Decr 13 1900
930 291 1140 347 THE CAMP.
906 363 1174 420 SUNNINCDALE.
152 488 631 617 My dear Dyer
412 623 1160 743 I was sorry to miss you
180 733 1132 849 to-day, as I wanted to tell you
191 841 1112 945 how thorough I found your
187 943 1209 1055 vindication of the position of Kew
198 1044 1163 1165 to be -- & how ably put together
207 1142 1231 1232 & expressed.  With such a wooden
191 1220 1221 1330 headed Treasury it is I fear hopeless
223 1315 1178 1384 to expect much : -- except indeed
194 1410 1238 1488 a man like Chamberlain could
234 1490 1206 1592 be got to grasp the situation &
222 1584 1154 1693 act. -- A fire proof building for
210 1683 1102 1765 our own collection should be
210 1774 1167 1898 vehemently urged, whatever else
231 1859 1233 1972 is done, & it would be well that
224 1974 1168 2074 you should be prepared with a
