1458 2426
831 218 1357 360 Kew 22 April /83
74 471 512 630 My dear Dyer
449 574 1236 767 I was very glad get your
106 655 1301 845 letter & good news of yourself & Harriet
166 830 1227 960 How curiously your account of the
104 961 1272 1024 spring vegetation immediately South of
101 1011 1325 1161 the Alps tallies with mine, though in
133 1103 1325 1250 fact mine beats yours, for it has been
113 1192 1285 1331 my lot to find a late spring in May &
112 1285 1290 1446 even on the Mediterranean shores three
124 1413 554 1495 times running.
195 1400 1365 1614 I met Dr Duckworth at the Rl. Institution
141 1548 1233 1670 two nights ago & he told me of having
339 1637 581 1704 & Harriet.
146 1633 1307 1788 seen you We went to Balfour's lecture
123 1716 1258 1871 which was good as to matter, but very
144 1810 764 1962 inartistically delivered.
170 1860 1364 2006 No I never saw Mr Murdo's garden, but
138 1991 1370 2106 can imagine it's floriferousness under his
138 2087 1359 2184 wife's care, for she is a capital practical
178 2170 422 2276 Gardener.
210 2277 1292 2324 I take what you say about the Temp.
