1385 2202
152 369 1229 503 sort them out at Kew.
131 499 1115 634 There then will be the
155 633 1247 774 General Herbarium to deal
160 889 1190 1048 say what will be best done
197 815 1178 874 with & I am at a loss to
167 1013 1242 1144 with it -- as insects are busy
178 1157 1174 1263 in it, & we shall want
159 1247 1229 1427 none of it but the grasses,
146 1424 889 1550 as far as I can see.
270 1526 1185 1647 The weather is most
137 1668 1126 1810 miserable, glormy, cold &
169 1799 1275 1923 drizzly with mist -- vegetation
145 1923 1175 2070 is very little advance of
169 2029 1286 2185 Kew if at all. The House very cold.
