1418 2196
105 326 1277 495 prefer it where it would help
116 504 1185 644 to draw the public off the
101 637 658 732 main routes.
54 722 1281 883 3 I never did like our white
113 850 1291 983 glass-houses -- & should be glad
669 914 1230 1008 stone color, brown
151 979 1229 1092 of any shade of either blue
280 1061 572 1141 or green
121 1096 1229 1220 or red introduced outside
115 1193 1223 1331 & red or blue inside. Pray
157 1327 1285 1467 use your judgement. The red
165 1426 955 1533 will suit our gravel.
79 1440 1214 1592 4 I send Mr Noel's letters.
89 1585 1320 1731 5 I shall offer to Miss North
170 1709 1295 1875 to be at Kew on Friday 29.
163 1829 1201 1965 leaving this by the night
154 1954 1253 2093 train of Thursday, & returning
