1436 2197
144 380 1255 518 Museum ones, for the new room
134 478 1248 599 I shall find egregious blunders
127 599 1258 693 in my work from mismatching on
144 621 1196 768 one hand & failing to detect
131 711 1136 881 identily of parts on the other.
127 803 1183 968 I am doing this in revising the
127 900 1206 1023 two herbarium collections, & it is
127 1000 978 1102 not pleasant or assuring.
200 1087 1196 1206 The mason's work of your room
112 1180 1239 1305 is nearly finished & the sashes are
134 1268 555 1367 being put in.
138 1305 1246 1446 The new Foremen seem to be very
127 1420 925 1532 industrious & willing.
224 1505 1262 1640 Yes, I thought the title -- page of
121 1610 1145 1733 the Darwin notices far too.
144 1707 521 1810 pretentious.
221 1783 1287 1926 Mr Porter (the Nancy man) came
374 1871 496 1933 work
127 1880 1252 1995 for 10 days at the Museum, he is
122 1989 1306 2126 a connection of the Barnards, a likely
