1314 2151
914 127 1239 248 Jany 23/96
981 240 1191 296 THE CAMP.
357 204 652 380 29.12.96
956 307 1218 371 SUNNINGDALE.
128 400 606 542 My dear Dyer
229 526 1038 649 & I thought that I had
132 638 1039 743 written on the back of the
81 736 1171 859 photographs of Banks & his wife
112 836 1260 970 that they were taken from Wedgewood
140 950 792 1059 Medallions -- 3 x 1 1/2  in.
113 1035 1180 1167 The small head of Banks is from
114 1170 1153 1280 a Tassie (glass) medallion, white
121 1274 1183 1361 on black ground, 2 1/8  x 2 in. This is
135 1377 1210 1502 I should think (judging from their
175 1498 1231 1614 likenesses) a faithful portrait. As
169 1603 1126 1719 for the Wedgewood of Banks I
175 1731 1244 1822 greatly doubt its resemblance, but
150 1818 1238 1928 must bow to the name impressed
177 1934 1154 2056 on the clay itself. As for the Lady
