1431 2147
92 82 1284 326 & not push on beyond the first
113 403 1176 541 commands the mountain
107 350 1375 393 good high collecting ground that
104 617 1329 743 begin with at any rate. -- Is it in
119 554 1257 599 & establish himself there, to
67 690 1298 835 Zanzibar domains, if so would Sultan help?
208 748 1159 890 I hardly know what to say
107 821 1314 996 about the Forbes case. I doubt
116 932 1179 1100 the Council advocating two
101 1033 1345 1177 expeditions -- I suppose however
116 1154 1295 1288 that Sclater will manage that;-
146 1454 1368 1505 I was much taken with Gamgee,
117 1318 1020 1381 if any body can he will. .
115 1492 1359 1623 he is full of go & very sensible :
146 1616 1143 1758 he strongly supported me
130 1708 1253 1885 both in D. & General Committee.
121 1838 1115 1975 I have now to see Scrivens
118 1908 1337 2072 about it. -- Of 25 men on committee of
95 2066 895 2101 8 I knew 3 only at table!
