1404 2137
112 36 1345 168 reduce it one half, Darwin one quarter
124 118 1301 285 you three quarters. I wonder whether
113 211 1278 389 Hughes will ever bring out Sedgewick's,
873 341 954 420 On
127 343 268 444 life
192 379 1328 523 I have no news here. the day we
104 470 1258 596 went down a blinding fog, as bad as
116 524 1260 679 London, eveloped the Severn valley
126 630 1275 743 We picked up Harriet at Gloucester
121 679 1297 833 & I saw young Waller who I think of
99 790 1322 939 employing to build for me, as he is
92 839 1323 1010 anxious to set up in London, & I like
67 898 1317 1056 what I have seen of his work & heard
118 1056 461 1177 of himself.
174 1084 1294 1244 I am working all day at Aroideae,
84 1165 1263 1334 my final contribution to Gen Plant.
123 1270 1243 1409 All Engler's work might have gone
101 1340 1301 1502 into 1/4 the space with advantage.
143 1405 1278 1564 he is a cumbrous describer, & I do
84 1505 1319 1646 think his arrangement most unnatural.
110 1579 1294 1714 It is difficult to believe that he has
112 1646 1261 1806 really been able will such things as
110 1731 1236 1858 dried Aroids to eslablish a correct,
112 1796 1339 1936 arrangement formatted on the composition
105 1862 1270 2004 & disposition of lactiferous vessels, &
107 1962 1281 2057 more difficult to suppose that such
