1395 2178
33 226 184 352 Ans
1043 13 1160 130 16
865 89 1192 255 Hant 7/99
984 270 1192 326 THE CAMP.
956 342 1230 415 SUNNINGDALE.
180 458 618 632 My dear Dyer
310 601 1046 746 Thanks for your letter.
167 761 1241 883 The approval of the residence selected
213 886 1224 1015 by my father-- simply applied to
211 984 1222 1102 the site in respect of proximity to
229 1081 1293 1215 the Garden. The Board never troubled
208 1167 1271 1284 their heads further The £200 covered,
190 1284 1275 1363 or should have covered, rent, rates,
206 1383 1258 1486 taxes & repairs, which of course it
203 1486 1263 1583 did not. From some correspondence o
219 1600 1209 1689 his with my Grandfather I find he
764 1678 816 1726 re
820 1655 891 1724 nt
235 1698 1331 1778 paid re paid £178 the first year --
232 1809 1297 1917 he undertaking painting papering &c.
255 1900 1187 2014 or rather Sp Relieving Gent
707 1969 1178 2034 for the rooms, where it
238 2003 1256 2104 Popham of this which was not
69 692 178 2041 & any--thing further would have involved responsibility
7 734 105 1756 & that was the last thing they would desire.
