1601 2521
125 30 1433 177 in common in material or method,
48 149 1461 248 with the paintings in the Etruscan tombs
84 233 1459 356 of which we saw examples at Orvieto
75 335 1573 516 ( in the tombs themselves) & which appears
103 431 1539 581 to me not to differ from Pompeii work
170 531 1560 643 which is not frescoe, rather tempera? I suppose
142 602 1545 723 these Etruscans or Pelasgi (or both) must
89 652 1443 773 have been wonderful fellows -- a
95 740 293 826 bronze
86 744 1484 910 brass lamp, preserved also at Cortina
106 878 1469 1042 is the most wonderful piece of casting
89 1031 1556 1088 I ever saw & the beauty of the design &
122 1131 1562 1186 workmanship were no less remarkable
64 1183 1272 1212 than the skill & knowlege of casting displayed.
112 1233 1543 1291 I have a protograph of it & of the Muse too.
198 1271 1469 1435 Of St. Peters it is difficult to speak,
89 1388 1387 1523 its proportions are gigantic, but take
89 1491 1478 1655 time to realise, & I think that some of
88 1618 1448 1769 the smaller churches (still vast) are
114 1730 1390 1882 incomparably more impressive as
116 1826 1372 1944 well as beautiful -- one thing at
108 1935 1366 2086 St Peters however took my breath
82 2028 1470 2192 away, it was the view of the interior
76 2121 1381 2287 of the dome from the lower galery
126 2301 1348 2342 of its drum -- it is covered with
910 2307 1129 2391 heads of
144 2408 1400 2434 gigantic gold murials of saints &
