1537 2451
183 73 1345 242 or Academia I forget which
125 304 1439 462 the Scuola I wholly agree with you
168 456 1377 616 about the Tintorettos -- I never
123 574 947 705 could abide them.
201 683 1388 843 Everything goes on quite quiet
96 807 1387 957 here, but the R.S. absorbs more
112 889 1300 1064 & more of my time, & this
1325 970 1507 1036 in re
123 975 1507 1149 struggle between the Brit Mus
139 1135 1430 1250 Challenger collection, is about to
148 1233 1389 1413 come off. I am sent for to the
181 1356 1369 1511 Treasury on Wednesday, & shall
184 1451 1413 1611 fight hard for Thomson having
156 1583 1269 1721 supreme control under a
143 1656 1423 1823 Consult of the R S. The Treasury
169 1754 1372 1964 are apes to have meddled in
158 1887 1478 2057 the affair, & I do not think the
145 2027 1439 2189 Admiralty have acted well in
156 2189 1380 2250 transferring the collection to
143 2327 1465 2356 the Treasury out of funding funk
