1446 2171
102 109 1306 259 affects the useless attempts at classifying
663 211 717 271 y
93 220 1292 330 varieties. Which with from Herbm specimens is
112 317 1101 435 impossible to any good purpose
230 439 1344 559 I think the herbarium descriptive
132 516 1259 678 work of Hemsley, Brown & Rolfe is
135 653 1182 784 really excellent. -- Though I do
123 772 1270 858 wish you could limit on diagnoses
165 854 1200 966 proceeding the general descriptions
161 931 1275 1044 where these are long -- which is not
178 1053 1247 1164 the case in the "Decas" just received
509 1117 940 1180 characters hold
171 1160 1181 1266 where the descriptions a good
173 1245 1318 1348 mean between a bold diagnosis &
148 1331 1272 1466 a descripton. If, as no doubt they
159 1445 1362 1568 are, these are careful, they quite
152 1554 1359 1678 suit the requirements of utility with
180 1653 1299 1806 speedy publication. -- 6-7 lines
168 1773 1365 1895 with a postscript of dimensions &c
169 1884 766 1996 might be the rule.
226 1939 1248 2100 I should have told you that
