1646 2511
121 105 1414 317 it for me or leaving it till I
147 302 1386 436 return. Your diplomacy has
85 411 1138 557 evidently subdued him!
212 508 1546 716 We are having a change of weather
116 642 1566 789 with the Equinoctials, which manifest
116 754 1489 913 themselves in slight showers, wind,
123 843 1433 1044 & a warmer temperature in fits &
121 991 351 1140 starts.
123 1033 1471 1183 Since writing last we have been to
114 1156 1418 1338 Amalfi, Sorrento, Paestum & up
123 1279 1471 1411 Vesuvius, besides paying more visits
141 1380 1508 1561 to Dohm's Aquarium & the Museum
134 1487 1492 1668 here. I shall write to Mr Symonds
127 1617 1369 1778 next & ask him to forward the
774 1691 1434 1838 general features of the
121 1717 1545 1935 letter to you. Neither the country nor
123 1896 1498 2046 the climate improve on acquaintance
149 2048 1393 2102 but the extraordinary interest of
128 2109 1523 2225 the localities never fails, & is indeed
134 2198 1496 2337 rather fatiguing from its abundance
135 2360 1408 2431 & variety.-- I quite dread Rome
