1288 2249
22 54 1109 221 Garden is very bad indeed.
22 175 1098 283 I do not see how it can be
334 261 664 324 considering
40 274 1175 411 otherwise under the depressing
31 374 1222 505 conditions it exists under: but
58 471 1249 624 Mudel is a disagreeable conceited
76 563 1240 729 Jackanapes & wants a setting
64 696 646 821 down himself.
166 770 1194 904 I wrote to Duthie that he
29 890 1209 1009 must take Thwaites opinion
71 1017 1067 1154 as to the destination of the
72 1110 1236 1229 rubbers which he takes out,
77 1222 1212 1340 & that opinion must depend
33 1336 1216 1490 on the state of the plants on
43 1446 1150 1581 their arrival, and on those of
75 1549 1156 1673 the 40 cases sent to Ceylon
81 1665 1099 1841 -if the 40 cases have
81 1792 1210 1938 arrived in fair order, then
210 1903 370 1986 or all
70 1923 1225 2072 some of th Duthie's if in good
52 2040 1227 2196 order or if the 40 contents of the
