1342 2196
63 112 1150 301 The Rock Garden is very rich
53 215 1202 394 indeed, but a cockney affair
65 358 1142 494 in its main features & not
82 443 1112 596 suited to Kew. Still the
543 522 1025 611 in splendid flower
83 563 1158 699 number of species ^ is very
125 643 1182 816 remarkable, & they are in
115 771 1231 930 excellent order as to naming.
145 885 1064 1026 I telegraphed to you from
52 988 1120 1159 Edinburgh, the idea having
114 1099 1202 1259 occurred to me over-night,
54 1218 1227 1364 that a private note to Mitford,
26 1349 1143 1502 showing up Taylor, & Wilkie's
47 1447 1321 1615 inability to realise the responsibility
75 1560 1210 1736 of their position, as shown by
82 1687 1285 1832 Taylors neglect, & the consequences
91 1802 1218 1941 to Smith would be of more
93 1911 1299 2048 avail with him, than an official
212 1979 471 2078 complaint
133 2085 1216 2114 letter which would put him
