1357 2156
166 180 1250 314 good many genera of Orchideae,
173 300 1137 416 Liparis, Erica & Dendrobium
154 398 1113 520 amongst these -- & there are
144 507 1100 639 some genera in which it is hard
179 613 1134 732 to say whether the leaves are
158 736 1148 835 when fully developed, coriaceous
185 805 1196 915 or membranous, even where they
167 910 1140 1039 were obviously plicates & there is
181 1035 1259 1160 variation. A genera was made
175 1146 1246 1256 for the evergreen Beeches, but never
178 1241 1238 1357 adopted; & the evergreen Oaks might
177 1353 935 1447 claim the same dignity.
221 1447 1199 1562 As to my not having taken up
153 1562 1283 1658 the name -- was it published when
179 1668 1281 1764 I did the Orchids? -- I began in 1882
185 1769 1299 1872 & finished in 1886, if I remember
188 1876 392 1969 aright
309 1963 1247 2077 I am thirsting to know more
