1563 2451
126 78 1345 199 of them. Many are recent discoveries
739 128 1174 209 the windows of
130 182 1454 289 as panes of glass from one of the wealthiest
777 230 1293 313 with the three movements.
106 282 1141 410 houses & a capital dilatator
1122 258 1485 390 from that
147 355 1459 495 of a Surgeon! The glass objects recently
142 462 1409 611 day out are wonderful, some of them
109 552 1414 713 quite equal to any thing that Salviati
142 651 1427 779 turns out: I mean in point of the
123 746 1425 873 skilful manufacture. One glass plate
102 841 1478 975 is it looks as if formed of a sheet if transparent
114 963 1373 1073 madrepore, the stars all cole coalescing
111 1037 1369 1153 a lovely sepia color & with a gold &
133 1118 1240 1255 cobalt centres to each star. It is
137 1224 1302 1349 tremendously smashed, but the
128 1307 1442 1428 workmanship was perfect from centre
128 1411 1359 1544 to circumference -- Then there is a
114 1532 1449 1662 most lovely flaggon of blue glass covered
125 1624 1300 1719 with cameod cupids & vine leaves,
237 1686 376 1745 same
121 1698 1430 1844 the make of the Portland Vase, but
831 1788 1065 1859 in shape
138 1790 1442 1937 infinitely more elegant, & rich in its
104 1901 568 2007 ornamentation.
178 1963 1470 2116 Pompeii we have twice visited, it
106 2065 1475 2216 is exactly what you read about, but I
119 2143 1513 2311 got extrordinarily interested in the manner,
117 2320 1412 2349 of its interment, which I do not quite
