1461 2211
145 160 293 220 think
389 150 398 210 I
423 147 510 207 can
589 147 832 207 answer

109 379 224 439 last
263 381 329 441 !.
435 385 454 445 I
492 385 636 445 quite
675 391 847 451 forgot
924 389 962 449 to
1029 388 1125 448 tell

139 276 241 336 Has
279 275 369 335 Mr
395 270 586 330 Camie
623 269 649 329 6
752 268 811 328 Of
865 267 1112 327 answeed
1173 258 1247 318 my

124 493 293 553 Smith
355 499 391 559 to
427 499 560 559 send
641 501 739 561 him
800 501 881 561 the
925 503 1023 563 boe
1077 499 1121 559 of

129 609 285 669 Leeds
330 615 404 675 for
450 613 679 673 Cypim.
717 612 762 672 --
799 611 992 671 Please
1019 610 1102 670 see
1148 606 1193 666 to

146 722 255 782 this
319 723 328 783 &
382 720 519 780 that
601 716 646 776 it
701 721 737 781 is
801 721 1001 781 written
1056 719 1264 779 outside

479 775 669 835 contents

155 825 301 885 what
363 825 457 885 the
521 825 657 885 are.

210 934 337 994 Bet
404 931 506 991 love
549 930 566 990 &
659 919 1107 979 congratutations
1167 903 1209 963 to

151 1053 355 1113 youself
426 1040 674 1100 Harriet
754 1028 763 1088 &
862 1022 941 1082 the
994 1013 1243 1073 children

156 1161 259 1221 from
303 1153 363 1213 us
398 1144 519 1204 all.
536 1134 588 1194 --
639 1129 735 1189 the
779 1113 1020 1173 weather
1089 1108 1132 1168 is

166 1253 433 1313 furious.

551 1310 646 1370 Ever
677 1290 879 1350 affy
914 1275 971 1335 trs

790 1521 821 1581 D
836 1509 1045 1569 Hooker
