1654 2512
185 91 1496 114 turn at Dohrn's laboratory! One
136 105 1544 218 Oxford man was there, but I did not
143 194 1582 314 catch his name -- I understood that he
151 285 1566 390 was sent. A new feature is the room
163 365 1495 499 for microscopic preparations, which
134 481 1567 592 are sold, & which though but recently
160 552 1606 681 started has assumed great proportions
154 657 1417 781 already & is to a considerable extent
151 759 1500 892 self supporting. The preparations were
189 845 1555 974 admirably selected, mounted & named.
167 948 1589 1073 Altogether I was much struck with the
156 1041 1613 1193 scale on which the whole affair is conducted
151 1124 1471 1259 as with the arrangements scientific &c.
174 1213 1593 1340 I find that the Aquarium is very popular
151 1297 1507 1411 at Naples both with residents & visitors
202 1377 1571 1515 & Dohrn is I think well satisfied with
160 1455 568 1586 it prospects.
222 1560 1517 1695 Lady Hooker called on Madam Dohrn,
169 1633 1553 1809 & likes what she saw of her: she speaks
158 1738 1546 1916 Englich perfectly, I did not see her when
174 1854 456 1963 I called.
234 1936 1482 2072 Of Rome I got rather sick -- it is so
131 2061 1444 2207 overpowering & the sightseeing very
156 2161 1409 2278 laborious. The skill & labour of the
131 2209 1509 2428 Great Christian Architects in turning the
161 2379 1506 2456 material of the heathern temples into
