1404 2154
-2 61 138 232 ualy
1189 28 1409 88 should
128 29 1268 158 It is an advantage to me that
161 118 1342 261 by that its means get papers, my
183 201 1332 311 own & others too, speedily & well
180 284 1380 418 published. & for this it is worth
120 388 1216 507 my while to sacrifice some
628 448 922 533 in securing
169 472 1348 606 time & trouble for its welfare.
397 565 1348 659 Linnean was to demand
176 637 358 663 If the
193 626 598 702 I time & trouble
123 649 1360 799 this annualy, like the Brit. Ass
158 772 1358 874 I should abandon it to younger
163 860 1330 979 hands. If the Linnean offered
140 960 1312 1052 me no more advantages than
161 1041 1189 1161 the B.A. I should equally
147 1127 1369 1253 abandon it. True the disinterested
179 1238 1305 1360 desinterested motives (of which I
138 1325 1340 1452 hope I am not void) that inspire
119 1406 1235 1538 me to keep either, are the
161 1515 1296 1630 same in kind, but altogether
171 1600 1350 1769 different in degree. The Linnean
104 1737 1304 1855 well worked, is an unmixed good,
108 1815 958 1919 not so the Brit Assn.
179 1899 1315 2028 I intend to arrange this coming
153 2051 1323 2082 month for giving the Ro Chair to
