1563 2451
922 64 1474 195 flattening themselves
174 29 872 200 positions they take up --
100 141 669 267 against the rocks by
955 148 1481 276 their arms with
962 243 1398 345 pendulous &
119 240 634 381 the bag- like body
136 367 1389 479 quivering all over with the respiratory
148 421 1372 552 movements, changeing color & waggling
164 515 1457 646 about : the two great eyes protruding from
181 557 495 643 in front from
143 583 1451 693 in front from one side near the lip of the bag. Sepia
136 655 1424 805 too astonished me, flattening itself out
136 731 1408 883 half buried in the graved of the bottom,
767 824 1219 926 undistinguishable.
141 836 1272 960 so as to be almost imperceptible undistinguishable
128 939 1469 1051 when distrubed resuming its recognisable
134 1019 1412 1157 shape in the twinkling of an eye & darting
136 1114 1419 1258 across the tank & sending out a cloud
138 1212 1391 1307 of coloring matter -- Loligo swims like
147 1291 1457 1439 a skate with undulatory movements of
152 1408 1405 1515 its lateral fins & goes backwards or
163 1518 1469 1569 forwards indifferently -- Fish, Ascidia
174 1565 1417 1717 corals, Madrepores, Melobesias, Diptera
167 1672 1434 1812 Beroe Crustacea & Medusias immeasurable
152 1856 1431 2006 except Melobesia, Ulva & one or two
197 1820 1382 1847 swarmed in the tanks. Of plants of plants
172 1969 1377 2087 of the Olive series I saw few -- & no
165 2068 462 2160 red ones--
172 2143 1363 2248 Turning to art the statuary in the
64 2193 1448 2351 Museum is marvellous, -- A head of Homer
109 2282 1412 2413 I thought the finest thing I ever saw in
