1397 2191
276 17 797 215 The Camp
247 150 905 259 Sunningdale
769 331 1190 532 Feby 23rd/86
124 571 599 748 Dear Dyer
464 714 1192 832 I had hoped to be
143 850 1192 978 at the Herbm. almost every
119 968 1224 1121 day this week, but I have
137 1090 1150 1221 caught a cold that will
123 1184 1189 1336 certainly not allow me to
163 1289 1020 1472 get up till Saturday.
270 1414 1231 1575 I hope that all is going
158 1545 1318 1666 on well in the Garden & with
156 1650 1260 1858 the Board, & that your pay is
152 1792 1258 1935 all arranged. I am reading
153 1903 1247 2038 Froude's Oceana, which to me
148 2033 1199 2156 is very interesting. He is crazy
