1353 2229
120 95 1136 229 as far as my experience goes,
89 218 1313 335 always symptomatic of disease of the
87 328 1236 437 heart & not of one disease only.
292 368 546 441 opinion
139 385 1270 539 My sre is that the dilatation
112 491 1118 615 akes steady progress--as
119 585 1261 723 evidenced by the more frequent
135 700 1227 849 attacks of palpitations & other
147 810 862 903 cardiac disturbance.
151 878 1160 1006 I have never urged him to be
122 1000 1309 1108 again examined because I feel such
119 1092 1200 1189 that the result would be so
135 1179 1310 1311 unfavorable & that it would greatly
134 1291 1265 1391 alarm him & do no possible good
249 1397 1237 1494 Next to his sudden death I
74 1494 1305 1622 dread a longering dropsy - with years
77 1620 1272 1725 of inability to do anything but
112 1683 1113 1824 drag about after his work.
260 1804 1273 1895 This is about all I can say
83 1875 1243 2042 I have never lost an opportunity of
80 1996 1134 2123 gathering up al the information
150 2081 1180 2187 could get from him as to his
