1625 2532
146 133 1452 184 Popes & which tower one over the
145 183 1419 327 other meeting in the cupola, & all
120 286 1532 408 gazing down on you, the uppermost from
154 377 1511 550 a canopy like heaven itself of infinite
137 503 1559 638 distance -- the slimness of the Galley, real
97 580 1505 747 narrrowness of the footing, & the stupendous
126 675 1568 842 depth below, where men & women walking
119 799 1439 909 looked like ants, all hightened the
120 886 1493 1009 effect. The Dome is smaller than that
178 975 1509 1146 of the Duomos here, but looks inmeasurably
514 1094 1135 1212 as seen from outside
128 1126 1505 1277 greater. This loses I think from being
135 1247 1453 1389 8 gonal in contour. This & the painting
181 1347 1491 1491 of the inside (huge frescoes) bring it all
156 1507 1356 1544 down to the eye is much as the
1200 1450 1392 1622 dome
447 1532 798 1609 gold mosaic
119 1550 1484 1721 arrangement of heads in St Peter's raises
172 1705 1508 1800 it. St. Peters is not to be compared
113 1750 1557 1936 I think with our St. Pauls in proportion
156 1872 1500 2030 & composition -- I think our dome &
122 1967 1505 2197 drum are perfect -- as best seen from
106 2089 699 2224 Waterloo bridge.
133 2184 1450 2348 As to the greater ruins, as the Arches
108 2274 1473 2484 Colosseum (as they now spell it &c) really
126 2425 1372 2490 they are so familliar from Piranesi's
