1379 2194
70 49 1355 196 Balfour called -- no news except that
13 148 1242 279 he had heard that Frazer was over age,
44 195 1349 350 & that the top man would be a pupil
37 289 1218 462 of Lawrence at Oxford, of whom he
47 381 778 517 spoke most highly.
592 454 796 564 (Aden)
65 486 1308 640 Brig. Gen. Blace has not turned up,
32 582 1286 725 I see he asks for a 'Wards' case of Vine
62 760 1243 919 August when he is the in England,
72 728 1298 796 cuttings to be ready by begining
66 905 1219 976 giving London address. I have
237 953 533 1020 London address
79 944 1206 1088 written suggesting that he should
91 1025 1333 1154 have the Vine cuttings in October &
156 1107 1101 1242 take other things in the case.
99 1227 851 1349 Harris died yesterday.
182 1287 1209 1449 Has Harriet seen any thing by
559 1388 743 1456 Muller
44 1412 1177 1548 old Mrs Chas Mualler who was so
60 1492 1282 1646 good to me at Darjeling, & spent
104 1590 1224 1733 some weeks with me at Kew
75 1689 1294 1806 when she was a very little girl. She
89 1782 892 1913 dabbles in Nat. Hist.
190 1895 1143 2025 Smith was poorly recently
82 2041 1268 2092 with gripes & cold sweats, but
