1195 1833
147 202 1084 337 of the season that I saw in any
110 309 1107 446 ordinary conservatory. I wonder
115 436 956 553 how he will take it all
200 524 1060 672 I am still quite laid up.
78 649 1085 782 having been worse again -- the
105 751 1115 886 cough very troublesome indeed.
46 845 1111 995 with weakness & loss of appetite.
110 964 1041 1060 I shall not wait longer than
102 1050 1159 1179 over Sunday under any circumstances
115 1141 1033 1275 for I am utterly sick of this
119 1247 1062 1369 life of illness in another house.
150 1346 1105 1448 with best love to Harriet &
122 1443 1030 1586 all the good wishes of the seas
340 1564 698 1739 Ev affy
718 1588 1030 1779 JD Hooker
