1397 2142
59 16 1367 100 my discovery of the fossil wood in Kerguelans
62 77 1303 191 land will find its place in the geological
75 147 1363 280 history of the Southern regions. I am greatly
69 214 1187 348 disappointed at none of the later
45 289 1306 413 Expeditions having searched there for
75 401 435 510 leaf-beds.
81 446 1280 569 e have had here Mrs Lyell & son &
45 529 1272 631 daughter, Miss Lyell (Sir Cha- sister)&
81 611 1228 716 Mr Symonds -- they left yesterday for
86 691 1286 802 the Gair Loch & we follow tonight.
89 763 1303 890 Tomorrow night we sleep at Inverness,
105 861 1358 966 & on Saturday reach Aviemore, & then
103 926 1300 1035 as soon as Scotch hospitality will let
96 1017 1333 1146 us away, go to Stirling to see my sister
175 1112 266 1166 an
88 1100 1269 1228 & a an old college & India friend for a
105 1203 1281 1305 night - then to Sir J Colvilles for 3
121 1282 1258 1367 nights near Dunfermline & so
116 1355 1317 1459 home. A letter might reach me at
124 1446 1334 1540 Aviemore, - but P.O. Stirling would
127 1545 447 1632 be safer.
130 1588 1278 1682 The weather has been perfect on
90 1649 1274 1763 the whole & the sea beautifully calm.
132 1716 1257 1879 With Kind regards to Oliver and
92 1803 1003 1918 Smiths. Ever my dear Dyer
311 1880 912 1999 Your truant friend
582 1952 1017 2091 Jos.D.Hooker
