1387 2146
771 59 1077 187 The Camp
1088 123 1295 195 Dec2/
180 478 608 638 My dea Dyer
371 564 1288 710 Though I fear I must not
178 676 1185 781 congratulate you on the honor
148 755 1189 885 that you have received, I must
157 873 1218 991 express my sincere pleasure : feeling
182 935 1270 1071 that you deserved it. I own to it's
186 1045 1288 1176 touching my pride, that it should
280 1142 430 1193 down
160 1133 1255 1264 go down as an honor to my family,
185 1242 1112 1320 both on your own account & on
144 1322 1205 1414 Harriet's. Also I am proud of it
148 1400 1193 1528 in view of the lustre it reflects on
175 1472 1210 1595 Kew. Happily it need not carry
158 1583 1302 1674 with it, in your case, as it does & ever
176 1677 1283 1791 will in mine, the keen sense of the
174 1779 1233 1882 neglects my father's services met
160 1840 1119 1981 with at the hands of the govt.
