1379 2194
925 163 1238 303 July 25/84
112 460 379 587 Dear Dyer
117 649 1237 758 card & to know the cause of your
430 567 1290 628 I was very glad to get your
154 728 1251 845 disturbed circulation -- you must
153 827 1254 948 keep quiet till you are quite better.
156 904 1263 1016 Please let me hear again on receipt.
257 970 1333 1114 Lord Rosebery has applied for the Ladoes
124 1064 1286 1192 Indian order for Miss North, & sends
154 1153 1189 1280 me 2 answers from the P.S. of the
164 1234 1309 1394 Sec. of State, & the other from Sir H.F.
415 1336 526 1420 both
163 1323 1229 1467 Ponsonby pointing out that she is
150 1431 1245 1561 inadmissable under the statates of
166 1506 1201 1634 the order -- Sir F. Ponsonby "quite
133 1606 1185 1758 agrees that Miss North deserves
174 1693 1286 1839 "some mark of favour "-- so something
169 1761 1263 1928 may come of this -- Meanwhile Mr
167 1861 1237 2005 Lord Rosbury asks me to consider the
183 1985 1175 2126 communation as confidential.
