1543 2465
124 216 1446 287 of life & death that Smith should
114 285 1429 411 be relieved of duties which should
96 391 1480 531 devolve on the Clerk of the W or his
75 467 355 558 foreman.
131 566 1422 742 works put out to contract than
202 544 1469 584 I would rather see the whole of the
144 660 1444 843 go on as we do between Smith &
174 847 1039 897 & the C of the W Dept.
369 905 817 1079 Evr affy t
693 1069 1206 1301 JD Hooker
151 1195 1431 1385 I hope you will enjoy your Sunday
163 1321 1362 1501 out, kindest regards to the Brightwens.
86 1474 1430 1656 From yours just arrived -- I quite
75 1591 1398 1763 approve the letter about Taylor
137 1683 1510 1834 going. You must sign it.  I think it
120 1777 1365 1896 would be misinterpreted if I did so.
162 1827 1452 1995 I think it should be headed "Neglect
148 1913 1486 2081 of Orders", & I think it would strengthen
141 1994 1482 2160 it if you added a passage saying that your
112 2081 1434 2242 main object in writing was to show how
135 2166 1323 2290 little idea the C of W. Dept had of the
100 2247 1502 2368 serious nature of the Evil, & of the anxiety &
135 2280 1460 2463 worry it gave to the Officer, Y yourself & Smith who
945 2353 1409 2458 cannot stand it. J.
