1556 2426
150 81 570 224 March 6/81
882 65 1443 213 Hotel Romain
904 178 1384 321 Rue St Rock
1146 286 1349 423 Paris
926 396 1228 617 Sunday
191 498 665 708 My dear Dyer
444 673 1474 750 I send the list of visitors to
178 815 1439 898 Herbarium. If you approve, please
184 927 1359 996 look to the few blanks. The list
116 1025 1478 1096 shows a wonderful amount of Botanical
143 1123 1359 1194 query & activity on the systematic &
188 1227 1278 1296 descriptive lines. Should not
155 1319 1348 1406 Bentham's name be mentioned I
202 1321 1389 1540 forget whether we have done so
234 1462 1396 1652 in former cases & I stupidly forget to
178 1547 1459 1727 bring a copy of the Report with me.
193 1695 1453 1824 I am now doing the additions to
205 1804 1263 1972 Herbarium & have made a
164 1852 1364 2065 screed apropos of the Schimper &
194 1965 1372 2120 Munro Herbs with a little eloge
170 2059 1349 2272 of the latter -- which I hope you
194 2155 1370 2325 will approve; you may word it
220 2321 1244 2372 better I think here & there.
