1407 2128
125 77 1243 186 good collector & systematist, I suppose
123 201 1186 291 all that remains to be done is to
122 303 1302 371 acquaint the Agent General with our
60 364 982 469 views, Will you do so please?
194 462 1327 568 This is a queer place -- miles & miles
142 535 1263 667 of red brick houses of all sizes often in
124 627 1341 740 gigantic terraces & blocks 5--6 stories high
140 727 1312 819 with hideous blank interspaces of grass &
145 796 1287 898 rubbish -- a sea without shore or ships,
149 882 1118 976 land without trees -- architecture
145 935 1346 1050 uniformly vile -- where all the people come
129 1022 1308 1144 from to inhabit the legions of big houses is
156 1099 1253 1227 a mystery to me -- the whole place is
145 1181 1223 1309 only half baked to look at -- the shops
122 1269 979 1373 are excellent, & air splendid.
220 1368 1275 1450 With best love to Frances in which
136 1441 1213 1595 Lady Hooker joins, & with the requests
131 1552 1185 1660 that she will let us know in a few
158 1629 915 1759 days how her Mother goes on.
517 1732 927 1849 Evr affy ys
802 1829 1236 1998 Jos. D. Hooker
