1389 2153
77 55 1338 200 has been found in Stigmana pisttels?
117 200 1227 362 Thomson gave a most absurd
26 308 1315 423 paper to the Geograph. section in the
85 382 1355 523 "Evolution of the Lake Tanghynika",
334 499 472 577 more
109 512 1344 632 founded on the supposed disposition
51 597 443 678 & structure
75 635 1289 749 of the rocks than on any real
125 693 1352 829 data. After his paper was read
83 840 1233 943 T. Saunders got up & denounced
117 973 1164 1121 geological section -- In the
99 949 1196 992 the paper as only fit for the
103 1079 1323 1217 interests of geography & especially of
99 1172 1355 1318 the coming expediton to Kilimanjaro
133 1262 1273 1408 I got up & combated Saunders
107 1386 1301 1503 pointing out that such a paper
141 1480 1296 1609 was eminently suited to the
123 1581 1299 1745 Geograph section, though I could
108 1739 1202 1788 not pretend to Entertain the
1041 1692 1216 1828 result
107 1803 1249 1920 bold guesses on which the was
101 1880 1225 2005 founded. I spoke much of the
99 1955 1313 2115 imperfections of the Geolog. Record over
