1404 2186
84 339 1239 470 When next I see him I shall
100 457 1335 633 tell him (for the hundredth time
99 586 1255 730 that I shall never be satisfied
127 693 1393 819 till the Glass houses are repaired &c
123 802 1240 930 by Horticutural builders, & the
114 908 1316 1032 machinery is put under competent
118 1010 1263 1130 engineers, nor then till either
580 1088 1091 1168 & their subordinates
117 1187 1219 1208 Wilkes or Taylor are replaced b
120 1254 780 1363 by efficient men.
114 1339 1409 1459 The worst of it is, in the last mentioned
110 1458 1311 1604 matter I am stranded by Smith.
106 1575 1267 1700 On my return I will take the
86 1666 1185 1795 matter in hand with him
1031 1739 1309 1819 that were
112 1795 1296 1886 go over every item of the plans
175 1856 537 1926 at the office for
713 1854 1163 1931 he have been
1162 1884 1319 1985 put
116 1899 1180 2017 agreed to & which was to have
155 2006 1232 2123 in black & white for me, &
