1414 2179
99 152 1229 324 as to justify my talking of a
156 284 1251 446 successor. Dickson had seen
113 398 1197 582 him quite lately, said he
132 532 1312 684 was better, but much broken.
128 695 1202 802 His attack was convulsive,
119 770 1296 960 & probably connected with the
151 892 1266 1074 kidneys, as he had had
139 1054 1200 1192 symptoms of albuminuria
119 1172 1038 1312 some time previously.
222 1278 1277 1459 I saw Sadler -- the gardens
103 1453 1294 1586 are in good keep, & very much
101 1562 1240 1680 has been done to them. The
114 1672 1213 1808 Palm House was in first-
126 1809 1262 1919 rate order! New tubs & new
111 1916 844 2092 paint every--where.
